=LDR  02026nam a2200277 i 4500
=001  004224469
=005  20160318102817.0
=008  160112s18uu\\\\tu\d\\\\\b\\\\000\0\ota\d
=040  \\$aNNU$beng$erda$cNNU
=043  \\$aa-tu---
=050  \4$aKKX283$b.I883 1800z
=245  00$a[İstatistik :$bMevad-ı cezaiye müteallik, 1296 [1880]]
=264  \1$a[Istanbul :$bs.n.,$c18--]
=300  \\$a251 pages ;$c36 cm.
=336  \\$atext$2rdacontent
=337  \\$aunmediated$2rdamedia
=338  \\$avolume$2rdacarrier
=500  \\$aSpecCol. c. 1 is bound in red leather, has watered silk endpaper and gilded edges. On front cover there are dedicatory inscriptions in Gold Ottoman Turkish and the sultanic seal (tuğra). The inscription in Ottoman Turkish reads: "el-sulṭân ibn el-sulṭân el-sulṭân al-ġazi 'Abdülḥamîd H̲ân ḥażretlerının ṭaraf-i eşref mulûkânelerinden Vashington'da meclis-i mebʻûs̲an aʻżâʾından musyu Huvit ḥażretlerine ihdâ ettirilmiştir." On the back cover there are dedicatory inscriptions in English and French in gold and the symbol of the Ottoman state. The inscription in English reads: "Gift made by H.I.M. the Sultan Abdul-Hamid II to the honorable A.S. Hewitt[,] member of the House of Representatives in Washington[,] A.H. 1302 - 1884 A.D." The inscription in French reads: "Don fait par S.M.I le Sultan Abdul-Hamid II. a l'honorable M.A.S. Hewitt[,] membre de la Chambre des Representants a Washington[,] A.H. 1032 - 1884 A.D."$5NNU
=500  \\$aSpecCol. c. 1 was a gift of Abram Hewitt to the Library of New York University. Accession number 30435$5NNU
=510  4\$aÖzege, M.S. Eski harflerle,$c24890
=650  \0$aCourts$zTurkey$xStatistics.
=650  \0$aCourts$zTurkey$xStatistics$y19th century.
=650  \0$aJudicial statistics$zTurkey$y19th century.
=700  1\$aHewitt, Abram S.$q(Abram Stevens),$d1822-1903,$edonor.$5NNU
=700  0\$aAbdülhamid$bII,$cSultan of the Turks,$d1842-1918.$5NNU
=852  0\$aNNU$bBFALE$cFALES$mNon-circulating$hKKX283$i.I883 1800z$t1

