=LDR  01933nam a2200265 i 4500
=001  004217477
=005  20151216111556.0
=008  151216s1800\\\\tu\af\\\\\\\\\000\0\ota\d
=040  \\$aNNU$beng$erda$cNNU
=050  \4$aQA501$b.A33 1800
=066  \\$c(3
=245  00$6880-01$aUṣûl-ı gölge.
=264  \1$a[Istanbul :$bs.n.,$c18--?]
=300  \\$a47 pages, [3] folded leaves :$billustrations ;$c18 cm.
=336  \\$atext$2rdacontent
=337  \\$aunmediated$2rdamedia
=338  \\$avolume$2rdacarrier
=500  \\$aSpecCol. c. 1 is bound in red leather, has watered silk endpaper and gilded edges. On front cover there are dedicatory inscriptions in Gold Ottoman Turkish and the sultanic seal (tuğra). The inscription in Ottoman Turkish reads: "el-sulṭân ibn el-sulṭân el-sulṭân al-ġazi 'Abdülḥamîd H̲ân ḥażretlerının ṭaraf-i eşref mulûkânelerinden Vashington'da meclis-i mebʻûs̲an aʻżâʾından musyu Huvit ḥażretlerine ihdâ ettirilmiştir." On the back cover there are dedicatory inscriptions in English and French in gold and the symbol of the Ottoman state. The inscription in English reads: "Gift made by H.I.M. the Sultan Abdul-Hamid II to the honorable A.S. Hewitt[,] member of the House of Representatives in Washington[,] A.H. 1302 - 1884 A.D." The inscription in French reads: "Don fait par S.M.I le Sultan Abdul-Hamid II. a l'honorable M.A.S. Hewitt[,] membre de la Chambre des Representants a Washington[,] A.H. 1032 - 1884 A.D."$5NNU
=500  \\$aSpecCol. c. 1 was a gift of Abram Hewitt to the University of the City of New York. Accession number 7844L$5NNU
=650  \0$aShades and shadows.
=650  \0$aGeometry, Descriptive.
=700  1\$aHewitt, Abram S.$q(Abram Stevens),$d1822-1903,$edonor.$5NNU
=700  0\$aAbdülhamid$bII,$cSultan of the Turks,$d1842-1918.$5NNU
=880  00$6245-01/$aاصول کولکه.
=852  0\$aNNU$bBFALE$cFALES$mNon-circulating$hQA501$i.A33 1800z$t1

