=LDR  02527cam a2200409 a 4500
=001  004224940
=003  OCoLC
=005  20160203123842.0
=007  ta
=008  160114q18001992tu\\\\\\\\\\\\000\0\otard
=035  \\$a(OCoLC)25347745
=040  \\$aPUL$beng$erda$cPUL$dWAU$dOCLCQ$dOCLCF$dOCLCQ$dNNU
=043  \\$aa-tu---
=050  \4$aPL239$b.M86 1800
=245  00$6880-01$aMüntah̲abât-ı Tercümân-ı ḥaḳîḳat.
=264  \1$a[İstanbul] :$b[Tercümân-ı Ḥaḳîḳat],$c[18--?]-
=300  \\$a3 volumes ;$c28 cm
=336  \\$atext$btxt$2rdacontent
=337  \\$aunmediated$bn$2rdamedia
=338  \\$avolume$bnc$2rdacarrier
=500  \\$aTurkish in Arabic script.
=500  \\$aSpecCol. c. 1 is bound in red leather, has watered silk endpaper and gilded edges. On front cover there are dedicatory inscriptions in Gold Ottoman Turkish and the sultanic seal (tuğra). The inscription in Ottoman Turkish reads: "el-sulṭân ibn el-sulṭân el-sulṭân al-ġazi 'Abdülḥamîd H̲ân ḥażretlerının ṭaraf-i eşref mulûkânelerinden Vashington'da meclis-i mebʻûs̲an aʻżâʾından musyu Huvit ḥażretlerine ihdâ ettirilmiştir." On the back cover there are dedicatory inscriptions in English and French in gold and the symbol of the Ottoman state. The inscription in English reads: "Gift made by H.I.M. the Sultan Abdul-Hamid II to the honorable A.S. Hewitt[,] member of the House of Representatives in Washington[,] A.H. 1302 - 1884 A.D." The inscription in French reads: "Don fait par S.M.I le Sultan Abdul-Hamid II. a l'honorable M.A.S. Hewitt[,] membre de la Chambre des Representants a Washington[,] A.H. 1032 - 1884 A.D."$5NNU
=500  \\$aSpecCol. c. 1 vol. 1 was a gift of Abram Hewitt to the Library of New York University. Accession number 30418$5NNU
=500  \\$aSpecCol. c. 1 vol. 2 was a gift of Abram Hewitt to the Library of New York University. Accession number 30419$5NNU
=510  4\$aÖzege, M.S. Eski harflerle,$c14903
=650  \0$aTurkish literature$y19th century.
=650  \7$aTurkish literature.$2fast$0(OCoLC)fst01159487
=648  \7$a1800 - 1899.$2fast
=730  0\$aTercüman-ı hakikat.$kSelections.
=700  1\$aHewitt, Abram S.$q(Abram Stevens),$d1822-1903,$edonor.$5NNU
=700  0\$aAbdülhamid$bII,$cSultan of the Turks,$d1842-1918.$5NNU
=880  00$6245-01/$aمنتخبات ترجمان حقيقت.
=852  0\$aNNU$bBFALE$cFALES$hPL239$i.M86 1800$mNon-circulating
=853  20$81$av.
=863  \\$81.1$a1
=863  \\$81.2$a2
=994  \\$aZ0$bZYU

