=LDR  02594nam a2200349 i 4500
=001  004206119
=004  004206119
=005  20160722100727.0
=008  151111s1800\\\\tu\\\\\\\\\\\\000\0\ota\d
=040  \\$aNNU$beng$erda$cNNU
=043  \\$aa-tu---
=050  \4$aDR448$b.M36 1800
=100  1\$6880-01$aManastırlı Meḥmet Rif'at,‏$d1851-1907,$eauthor.
=245  10$6880-02$aḲavâ'id-i esâsiye-yi ḥarbiye /$cErkân-i ḥarbiye binbaşılarından Rif'at Bey'in eseridir.
=264  \1$6880-03$aIstanbul :$bCerîde-yi 'Askeriye Maṭba'ası,$c[18--]
=300  \\$a61, 2 pages :$c18 cm.
=336  \\$atext$2rdacontent
=337  \\$aunmediated$2rdamedia
=338  \\$avolume$2rdacarrier
=500  \\$aSpecCol. c. 1 is bound in red leather, has watered silk endpaper and gilded edges. On front cover there are dedicatory inscriptions in Gold Ottoman Turkish and the sultanic seal (tuğra). The inscription in Ottoman Turkish reads: "el-sulṭân ibn el-sulṭân el-sulṭân al-ġazi 'Abdülḥamîd H̲ân ḥażretlerının ṭaraf-i eşref mulûkânelerinden Vashington'da meclis-i mebʻûs̲an aʻżâʾından musyu Huvit ḥażretlerine ihdâ ettirilmiştir." On the back cover there are dedicatory inscriptions in English and French in gold and the symbol of the Ottoman state. The inscription in English reads: "Gift made by H.I.M. the Sultan Abdul-Hamid II to the honorable A.S. Hewitt[,] member of the House of Representatives in Washington[,] A.H. 1302 - 1884 A.D." The inscription in French reads: "Don fait par S.M.I le Sultan Abdul-Hamid II. a l'honorable M.A.S. Hewitt[,] membre de la Chambre des Representants a Washington[,] A.H. 1032 - 1884 A.D."$5NNU
=500  \\$aSpecCol. c. 1 was a gift of Abram Hewitt to the University of the City of New York. Accession number 7852L$5NNU
=510  4\$aÖzege, M.S. Eski harflerle,$c10398
=610  10$aTurkey.$bOrdu$y19th century.
=651  \0$aTurkey$xHistory$y19th century.
=710  2\$6880-04$aCerîde-yi 'Askeriye Maṭba'ası,$epublisher.
=700  1\$aHewitt, Abram S.$q(Abram Stevens),$d1822-1903,$edonor.$5NNU
=700  0\$aAbdülhamid$bII,$cSultan of the Turks,$d1842-1918.$5NNU
=880  1\$6100-01/$aمناسترلى محمد رفعت,$d1851-1907.
=880  10$6245-02/$aقواعد اساسبهٔ حربيه \$cاركان حربيه بيكباشيلرندن رفعت بكك اثريدر.
=880  \1$6264-03/$aاستانبول :$bجريدهٔ عسكريه مطبعه سي,$c[18--]
=880  2\$6710-04/$aجريدهٔ عسكريه مطبعه سي.
=852  0\$aNNU$bBFALE$cFALES$hDR448$i.M36 1800$mNon-circulating$t1

