=LDR  02248cam a2200325 i 4500
=001  004203634
=004  004203634
=005  20151130100833.0
=008  151104s1862\\\\tu\a\\\\\\\\\\000\0\ota\d
=040  \\$aNNU$beng$erda$cNNU
=043  \\$aa-tu---
=050  \4$aDR448$b.V37 1862
=100  1\$6880-01$aVaṣfī, Meḥmed.
=245  10$6880-02$aH̲idmet-i seferīye ʻaskerīye /$cMeḥmed Vaṣfī.
=264  \1$a[İstanbul] :$b[unknown publisher],$c1278 [1862]
=300  \\$a268, 68 pages :$billustrations ;$c18 cm.
=336  \\$atext$2rdacontent
=337  \\$aunmediated$2rdamedia
=338  \\$avolume$2rdacarrier
=500  \\$aSpecCol. c. 1 is bound in red leather, has watered silk endpaper and gilded edges. On front cover there are dedicatory inscriptions in Gold Ottoman Turkish and the sultanic seal (tuğra). The inscription in Ottoman Turkish reads: "el-sulṭân ibn el-sulṭân el-sulṭân al-ġazi 'Abdülḥamîd H̲ân ḥażretlerının ṭaraf-i eşref mulûkânelerinden Vashington'da meclis-i mebʻûs̲an aʻżâʾından musyu Huvit ḥażretlerine ihdâ ettirilmiştir." On the back cover there are dedicatory inscriptions in English and French in gold and the symbol of the Ottoman state. The inscription in English reads: "Gift made by H.I.M. the Sultan Abdul-Hamid II to the honorable A.S. Hewitt[,] member of the House of Representatives in Washington[,] A.H. 1302 - 1884 A.D." The inscription in French reads: "Don fait par S.M.I le Sultan Abdul-Hamid II. a l'honorable M.A.S. Hewitt[,] membre de la Chambre des Representants a Washington[,] A.H. 1032 - 1884 A.D."$5NNU
=500  \\$aSpecCol. c. 1 was a gift of Abram Hewitt to the University of the City of New York. Accession number 8038L$5NNU
=651  \0$aTurkey$xHistory$y19th century.
=610  10$aTurkey.$bOrdu$y19th century.
=700  1\$6880-03$aHüsrev, Meḥmed,$cPaşa,$eauthor.
=700  1\$aHewitt, Abram S.$q(Abram Stevens),$d1822-1903,$edonor.$5NNU
=700  0\$aAbdülhamid$bII,$cSultan of the Turks,$d1842-1918.$5NNU
=880  1\$6100-01/$aوصفي, محمد.
=880  10$6245-02/$aخدمت سفريه عسكريه \$cمحمد وصفي.
=880  1\$6700-03/$aحسرو, محمد.
=852  0\$aNNU$bBFALE$cFALES$hDR448$i.V37 1862$mNon-circulating$t1

