=LDR  03856cam a2200481 i 4500
=001  004265006
=003  OCoLC
=004  004265006
=005  20160323145939.0
=008  160323s1870\\\\tu\\\\\\\\\\\\000\0\arard
=035  \\$a(OCoLC)67309041$z(OCoLC)11558093
=040  \\$aEYM$beng$erda$cEYM$dOCLCG$dUUM$dNYP$dOCLCA$dOCLCQ$dOCLCF$dOCLCO$dOCLCA$dNNU
=050  \4$aPJ7553$b.A68 1870
=066  \\$c(3
=100  1\$6880-01$aĀmidī, al-Ḥasan ibn Bishr,$d-981 or 982,$eauthor.
=240  10$6880-02$aMuwāzanah bayna Abī Tammām wa-al-Buḥturī
=245  10$6880-03$aKitāb al-Muwāzanah bayna Abī Tammām wa-al-Buḥturī /$cli-Abī al-Qāsim al-Ḥasan ibn Bishr ibn Yaḥyī al-ʼĀmidī.
=264  \1$6880-04$aal-Astānah :$bMaṭbaʻat al-Jawāʼib,$c1287 [1870 or 71]
=300  \\$a3, 197 pages ;$c23 cm
=336  \\$atext$btxt$2rdacontent
=337  \\$aunmediated$bn$2rdamedia
=338  \\$avolume$bnc$2rdacarrier
=500  \\$6880-05$a"ʻAn naskhah jalīlah bi-khaṭṭ al-adīb al-niḥrīr al-Shaykh ʻAbd al-Karīm ibn Aḥmad ibn Idrīs al-Ṣafadī bi-tārīkh shahr Ṣafar min sanat 1129."
=500  \\$aSpecCol. c. 1 is bound in red leather, has watered silk endpaper and gilded edges. On front cover there are dedicatory inscriptions in Gold Ottoman Turkish and the sultanic seal (tuğra). The inscription in Ottoman Turkish reads: "el-sulṭân ibn el-sulṭân el-sulṭân al-ġâzî 'Abdülḥamîd H̲ân ḥażretlerının ṭaraf-i eşref mulûkânelerinden Vashington'da meclis-i mebʻûs̲an aʻżâʾından musyu Huvit ḥażretlerine ihdâ ettirilmiştir." On the back cover there are dedicatory inscriptions in English and French in gold and the symbol of the Ottoman state. The inscription in English reads: "Gift made by H.I.M. the Sultan Abdul-Hamid II to the honorable A.S. Hewitt[,] member of the House of Representatives in Washington[,] A.H. 1302 - 1884 A.D." The inscription in French reads: "Don fait par S.M.I le Sultan Abdul-Hamid II. a l'honorable M.A.S. Hewitt[,] membre de la Chambre des Representants a Washington[,] A.H. 1032 - 1884 A.D."$5NNU
=500  \\$aSpecCol. c. 1 was a gift of Abram Hewitt to the University of the City of New York. Accession number 7972L$5NNU
=600  00$aAbū Tammām Ḥabīb ibn Aws al-Ṭāʼī,$dactive 808-842.
=600  10$aBuḥturī, al-Walīd ibn ʻUbayd,$dapproximately 821-897 or 898.
=650  \0$aArabic poetry$y750-1258$xHistory and criticism.
=600  07$aAbū Tammām Ḥabīb ibn Aws al-Ṭāʼī,$dactive 808-842.$2fast$0(OCoLC)fst01803260
=600  17$aBuḥturī, al-Walīd ibn ʻUbayd,$dapproximately 821-897 or 898.$2fast$0(OCoLC)fst01810228
=650  \7$aArabic poetry.$2fast$0(OCoLC)fst00812533
=648  \7$a750 - 1258.$2fast
=655  \7$aCriticism, interpretation, etc.$2fast$0(OCoLC)fst01411635
=700  1\$aHewitt, Abram S.$q(Abram Stevens),$d1822-1903,$edonor.$5NNU
=700  0\$aAbdülhamid$bII,$cSultan of the Turks,$d1842-1918.$5NNU
=776  08$iOnline version:$aĀmidī, al-Ḥasan ibn Bishr, -981 or 2.$tKitāb al-Muwāzanah bayna Abī Tammām wa-al-Buḥturī.$bal-Ṭabʻah 1.$dal-Astanah, Maṭbaʻat al-Jawāʼib, [1870/71]$w(OCoLC)584139738
=880  1\$6100-01/$aآمدي، الحسن بن بشر،,$dت. 981 او 2.
=880  10$6240-02/$aموازنة بين ابي تمام والبحتري.
=880  10$6245-03/$aكتاب الموازنة بين ابي تمام والبحتري /$cلابي القاسم الحسن بن بشر بن يحيي الآمدي.
=880  \1$6264-04/$aالاستانة :$bمطبعة الجوائب،$c1287.
=880  \\$6500-05/$a"عن نسخة جليلة بخط الاديب النحرير الشيخ عبد الكريم بن احمد بن ادريس الصفدي بتاريخ شهر صفر من سنة 1129."
=852  0\$bBFALE$cFALES$hPJ7553$i.A68 1870$aNNU
=994  \\$aZ0$bZYU

