=LDR  02287nam a2200301 i 4500
=001  004235481
=005  20160318103417.0
=008  160216s1870\\\\tu\\\\\\\\\\\\000\0\ota\d
=040  \\$aNNU$beng$erda$cNNU
=050  \4$aPL248.C4$bH33 1870z
=100  0\$6880-01$aCelâleddin Paşa,$cMahmud,$d1839-1899,$eauthor.
=245  10$6880-02$aḤacle-yi nisvân /$ces̲er-i Maḥmût Celâleddîn.
=264  \1$6880-03$a[Istanbul] :$bMaḥmut Bey Maṭbaʻası,$c[187-?]
=300  \\$a224 pages ;$c16 cm.
=336  \\$atext$2rdacontent
=337  \\$aunmediated$2rdamedia
=338  \\$avolume$2rdacarrier
=500  \\$aNovel.
=500  \\$aSpecCol. c. 1 is bound in red leather, has watered silk endpaper and gilded edges. On front cover there are dedicatory inscriptions in Gold Ottoman Turkish and the sultanic seal (tuğra). The inscription in Ottoman Turkish reads: "el-sulṭân ibn el-sulṭân el-sulṭân al-ġâzî 'Abdülḥamîd H̲ân ḥażretlerının ṭaraf-i eşref mulûkânelerinden Vashington'da meclis-i mebʻûs̲an aʻżâʾından musyu Huvit ḥażretlerine ihdâ ettirilmiştir." On the back cover there are dedicatory inscriptions in English and French in gold and the symbol of the Ottoman state. The inscription in English reads: "Gift made by H.I.M. the Sultan Abdul-Hamid II to the honorable A.S. Hewitt[,] member of the House of Representatives in Washington[,] A.H. 1302 - 1884 A.D." The inscription in French reads: "Don fait par S.M.I le Sultan Abdul-Hamid II. a l'honorable M.A.S. Hewitt[,] membre de la Chambre des Representants a Washington[,] A.H. 1032 - 1884 A.D."$5NNU
=500  \\$aSpecCol. c. 1 was a gift of Abram Hewitt to the University of the City of New York. Accession number 8083L$5NNU
=510  4\$aÖzege, M.S. Eski harflerle,$c6553
=650  \0$aTurkish literature$y19th century.
=700  1\$aHewitt, Abram S.$q(Abram Stevens),$d1822-1903,$edonor.$5NNU
=700  0\$aAbdülhamid$bII,$cSultan of the Turks,$d1842-1918.$5NNU
=880  1\$6100-01/$aجلال الدين پاشا,$cمحمود,$d1839-1899.
=880  10$6245-02/$aحجلهٔ نسوان \$cاثر محمود جلال الدين.
=880  \1$6264-03/$a]استانبول] :$bمحمود بك مطبعهسى,$c[187-?]
=852  0\$aNNU$bBFALE$cFALEF$mNon-circulating$hPL248.C4$iH33 1870z$t1

