=LDR  02401cam a2200373 i 4500
=001  004227744
=003  OCoLC
=005  20160318103700.0
=008  160125q1870\\\\tu\\\\\\\\\\\\000\0\ota\d
=035  \\$a(OCoLC)40260180
=040  \\$aPUL$beng$erda$cPUL$dOCLCG$dOCLCF$dOCLCQ$dOCLCO$dNNU
=043  \\$aa-tu---
=050  14$aDR565$b.R532 1870z
=100  1\$6880-01$aRifat Paşa, Mehmet Sadık,$d1807-1856,$eauthor.
=245  10$6880-02$aMüntah̲abât-ı âs̲âr.
=264  \1$a[Istanbul?] :$b[publisher not identified],$c[187-?]
=300  \\$a3 volumes in 1 ;$c22 cm
=336  \\$atext$btxt$2rdacontent
=337  \\$aunmediated$bn$2rdamedia
=338  \\$avolume$bnc$2rdacarrier
=546  \\$aTurkish in Arabic script.
=500  \\$aSpecCol. c. 1 is bound in red leather, has watered silk endpaper and gilded edges. On front cover there are dedicatory inscriptions in Gold Ottoman Turkish and the sultanic seal (tuğra). The inscription in Ottoman Turkish reads: "el-sulṭân ibn el-sulṭân el-sulṭân al-ġazi 'Abdülḥamîd H̲ân ḥażretlerının ṭaraf-i eşref mulûkânelerinden Vashington'da meclis-i mebʻûs̲an aʻżâʾından musyu Huvit ḥażretlerine ihdâ ettirilmiştir." On the back cover there are dedicatory inscriptions in English and French in gold and the symbol of the Ottoman state. The inscription in English reads: "Gift made by H.I.M. the Sultan Abdul-Hamid II to the honorable A.S. Hewitt[,] member of the House of Representatives in Washington[,] A.H. 1302 - 1884 A.D." The inscription in French reads: "Don fait par S.M.I le Sultan Abdul-Hamid II. a l'honorable M.A.S. Hewitt[,] membre de la Chambre des Representants a Washington[,] A.H. 1032 - 1884 A.D."$5NNU
=500  \\$aSpecCol. c. 1 was a gift of Abram Hewitt to the University of the City of New York. Accession number 7804L$5NNU
=510  4\$aÖzege, M.S. Eski harflerle,$c1020
=651  \0$aTurkey$xHistory$y1829-1878.
=651  \7$aTurkey.$2fast$0(OCoLC)fst01208963
=648  \7$a1829 - 1878.$2fast
=655  \7$aHistory.$2fast$0(OCoLC)fst01411628
=700  1\$aHewitt, Abram S.$q(Abram Stevens),$d1822-1903,$edonor.$5NNU
=700  0\$aAbdülhamid$bII,$cSultan of the Turks,$d1842-1918.$5NNU
=880  1\$6100-01/$aرفعت پاشا, محمد صادق.
=880  10$6245-02/$aمنتخبات آثار.
=852  0\$aNNU$bBFALE$cFALES$mNon-circulating$hDR565$i.R532 1870z$t1
=994  \\$aZ0$bZYU

