=LDR  02245nam a2200325 i 4500
=001  004240450
=005  20160318103756.0
=008  160226s1870\\\\tu\\\\\\\\\\\\000\0\ota\d
=040  \\$aNNU$beng$erda$cNNU
=043  \\$aa-tu---
=050  \4$aQA303$b.S76 1870z
=100  1\$aSturm, Charles-François,$d1803-1855,$eauthor.
=245  10$6880-01$aHẹsâb-ı tefaẓẓulî /$c[Şturm ve Kolladon, çeviren Dâniş].
=264  \1$a[Istanbul :$bs.n.,$c187-]
=300  \\$a1 volume [unnumbered pages] ;$c25 cm.
=336  \\$atext$2rdacontent
=337  \\$aunmediated$2rdamedia
=338  \\$avolume$2rdacarrier
=500  \\$aSpecCol. c. 1 is bound in red leather, has watered silk endpaper and gilded edges. On front cover there are dedicatory inscriptions in Gold Ottoman Turkish and the sultanic seal (tuğra). The inscription in Ottoman Turkish reads: "el-sulṭân ibn el-sulṭân el-sulṭân al-ġâzî 'Abdülḥamîd H̲ân ḥażretlerının ṭaraf-i eşref mulûkânelerinden Vashington'da meclis-i mebʻûs̲an aʻżâʾından musyu Huvit ḥażretlerine ihdâ ettirilmiştir." On the back cover there are dedicatory inscriptions in English and French in gold and the symbol of the Ottoman state. The inscription in English reads: "Gift made by H.I.M. the Sultan Abdul-Hamid II to the honorable A.S. Hewitt[,] member of the House of Representatives in Washington[,] A.H. 1302 - 1884 A.D." The inscription in French reads: "Don fait par S.M.I le Sultan Abdul-Hamid II. a l'honorable M.A.S. Hewitt[,] membre de la Chambre des Representants a Washington[,] A.H. 1032 - 1884 A.D."$5NNU
=500  \\$aSpecCol. c. 1 was a gift of Abram Hewitt to the University of the City of New York. Accession number 7836L$5NNU
=510  4\$aÖzege, M.S. Eski harflerle,$c7364 (?)
=650  \0$aMathematics$xStudy and teaching$zTurkey$y19th century.
=650  \0$aCalculus.
=650  \0$aCalculus$zTurkey$y19th century.
=700  1\$aColladon, Jean-Daniel,$eauthor.
=700  1\$6880-02$aDanış,$etranslator.
=700  1\$aHewitt, Abram S.$q(Abram Stevens),$d1822-1903,$edonor.$5NNU
=700  0\$aAbdülhamid$bII,$cSultan of the Turks,$d1842-1918.$5NNU
=880  1\$6700-02/$aدانش.
=852  0\$aNNU$bBFALE$cFALES$mNon-circulating$hQA303$i.S76 1870z$t1

