=LDR  02738nam a2200313 i 4500
=001  004240309
=005  20160318103843.0
=008  160225s1870\\\\tu\\\\\\\\\\\\000\0\ota\d
=040  \\$aNNU$beng$erda$cNNU
=043  \\$aa-tu---
=050  \4$aQA40$b.I45 1870z
=245  00$6880-01$aʻİlm-i ḥesâp :$bmekâtib-i ibtidâiye ve rüşdiye ve h̲uṣûṣiye şagirdânı yalnız ʻilm-i ḥesâb'ın naẓariyâtına müteʻalliq maʻlûmât-ı mükemmele iktisâbı arzusunda bulunan z̲evâta mah̲ṣûṣdur /$cmütercimi Süleymân Aṣaf.
=264  \1$a[Istanbul] :$b[s.n.,$c187-?]
=300  \\$a168 pages [of 208] ;$c28 cm.
=336  \\$atext$2rdacontent
=337  \\$aunmediated$2rdamedia
=338  \\$avolume$2rdacarrier
=500  \\$a"Mecâmiʻ-i fünûn (1300) nâm es̲eri Maʻlûmât-ı ʻilmiye ḳısmından."
=500  \\$aSpecCol. c. 1 is incomplete (168 out of 208 pages).$5NNU
=500  \\$aSpecCol. c. 1 is bound in red leather, has watered silk endpaper and gilded edges. On front cover there are dedicatory inscriptions in Gold Ottoman Turkish and the sultanic seal (tuğra). The inscription in Ottoman Turkish reads: "el-sulṭân ibn el-sulṭân el-sulṭân al-ġâzî 'Abdülḥamîd H̲ân ḥażretlerının ṭaraf-i eşref mulûkânelerinden Vashington'da meclis-i mebʻûs̲an aʻżâʾından musyu Huvit ḥażretlerine ihdâ ettirilmiştir." On the back cover there are dedicatory inscriptions in English and French in gold and the symbol of the Ottoman state. The inscription in English reads: "Gift made by H.I.M. the Sultan Abdul-Hamid II to the honorable A.S. Hewitt[,] member of the House of Representatives in Washington[,] A.H. 1302 - 1884 A.D." The inscription in French reads: "Don fait par S.M.I le Sultan Abdul-Hamid II. a l'honorable M.A.S. Hewitt[,] membre de la Chambre des Representants a Washington[,] A.H. 1032 - 1884 A.D."$5NNU
=500  \\$aSpecCol. c. 1 was a gift of Abram Hewitt to the Library of New York University. Accession number 30480$5NNU
=510  4\$aÖzege, M.S. Eski harflerle,$c8922
=650  \0$aArithmetic$xStudy and teaching$zTurkey$y19th century.
=700  0\$6880-02$aSüleyman Asaf,$etranslator.
=700  1\$aHewitt, Abram S.$q(Abram Stevens),$d1822-1903,$edonor.$5NNU
=700  0\$aAbdülhamid$bII,$cSultan of the Turks,$d1842-1918.$5NNU
=880  00$6245-01/$aعلم حساب :$bمكاتب ابتدائيه ورشديه وخصوصيه شاكردان ايله يالكز علم حسابك نظرياتنه متعلق معلومات مكمله اكتسابى ارزوسنده بولنان ذواته مخصوصدر \$cمترجمى سليمان آصف.
=880  0\$6700-02/$aسليمان آصف.
=852  0\$aNNU$bBFALE$cFALES$mNon-circulating$hQA40$i.I45 1870z$t1

