=LDR  04252cam a2200625 i 4500
=001  004237252
=003  OCoLC
=005  20160222131335.0
=007  ta
=008  160222m18711881tu\\\\\\\\\\\\000\0\otaod
=035  \\$a(OCoLC)26286119
=040  \\$aPUL$beng$erda$cPUL$dOCLCG$dOCL$dOCLCQ$dOCLCF$dOCLCQ$dNNU
=043  \\$ae------$aa-tu---
=050  \4$aD103$b.A35 1871
=066  \\$c(3$c(4
=100  0\$6880-01$aAhmet Mithat,$d1844-1912,$eauthor.
=245  10$6880-02$aKâinat :$bkütüphane-yi tarih /$cmuharriri Ahmet Mithat.
=250  \\$6880-03$aİlk defa.
=264  \1$6880-04$aİstanbul :$bMuharrin zatina mahsus matbaa,$c1288-1298 [1871 or 1872-1880 or 1881]
=300  \\$avolumes ;$c16-18 cm
=336  \\$atext$btxt$2rdacontent
=337  \\$aunmediated$bn$2rdamedia
=338  \\$avolume$bnc$2rdacarrier
=500  \\$aTurkish in Arabic script.
=500  \\$aPart 1, v. 1 preceded by annumbered part with title: Mukaddeme.
=500  \\$aMukaddeme is 2nd ed. and bears imprint: İstanbul : Kırk Ambar Matbaası, 1299 [1881 or 1882].
=500  \\$aPart 1, v. 1 is 2nd ed. and bears date : 1303 [1885 or 1886].
=500  \\$aPart 1, v. 10-15 and part 2, v. 1 lack edition statement and bear imprint: İstanbul : [s.n.], 1298 [1880 or 1881].
=500  \\$a"Tercüman-ı Hakikat'e tefrika olarak derc ve neşir olunduktan sonra ayrıca kitap olarak tab olunmuştur."--Part 1, v. 10-15 and part 2, v. 1 title page.
=505  1\$a1. kısım. Avrupa. 1. cilt. İngiltere -- 2. cilt. Danimarka -- 3. cilt. İsveç, Norveç -- 4. cilt. Rusya -- 10. İsviçre -- 11. cilt. Portükal -- 12. cilt. İspanya -- 13. cilt. İtalya -- 14. cilt. Yunanistan -- 15. cilt. Dekvlet-i Osmaniye -- 2. kısım. Asya. 1. cilt. Devlet-i Osmaniye.
=500  \\$aSpecCol. c. 1 is bound in red leather, has watered silk endpaper and gilded edges. On front cover there are dedicatory inscriptions in Gold Ottoman Turkish and the sultanic seal (tuğra). The inscription in Ottoman Turkish reads: "el-sulṭân ibn el-sulṭân el-sulṭân al-ġâzî 'Abdülḥamîd H̲ân ḥażretlerının ṭaraf-i eşref mulûkânelerinden Vashington'da meclis-i mebʻûs̲an aʻżâʾından musyu Huvit ḥażretlerine ihdâ ettirilmiştir." On the back cover there are dedicatory inscriptions in English and French in gold and the symbol of the Ottoman state. The inscription in English reads: "Gift made by H.I.M. the Sultan Abdul-Hamid II to the honorable A.S. Hewitt[,] member of the House of Representatives in Washington[,] A.H. 1302 - 1884 A.D." The inscription in French reads: "Don fait par S.M.I le Sultan Abdul-Hamid II. a l'honorable M.A.S. Hewitt[,] membre de la Chambre des Representants a Washington[,] A.H. 1032 - 1884 A.D."$5NNU
=500  \\$aSpecCol. c. 1 vol. 1 was a gift of Abram Hewitt to the University of the City of New York. Accession number 8017L$5NNU
=500  \\$aSpecCol. c. 1 vol. 2 was a gift of Abram Hewitt to the University of the City of New York. Accession number 8065L$5NNU
=500  \\$aSpecCol. c. 1 vol. 3 was a gift of Abram Hewitt to the University of the City of New York. Accession number 8066L$5NNU
=500  \\$aSpecCol. c. 1 vol. 4 was a gift of Abram Hewitt to the University of the City of New York. Accession number 8067L$5NNU
=510  4\$aÖzege, M.S. Eski harflerle,$c9937
=651  \0$aEurope$xHistory.
=651  \0$aTurkey$xHistory$yOttoman Empire, 1288-1918.
=651  \7$aEurope.$2fast$0(OCoLC)fst01245064
=651  \7$aTurkey.$2fast$0(OCoLC)fst01208963
=648  \7$a1288 - 1918.$2fast
=655  \7$aHistory.$2fast$0(OCoLC)fst01411628
=700  1\$aHewitt, Abram S.$q(Abram Stevens),$d1822-1903,$edonor.$5NNU
=700  0\$aAbdülhamid$bII,$cSultan of the Turks,$d1842-1918.$5NNU
=880  0\$6100-01/$aاحمد مدحت.
=880  10$6245-02/$aكائنات :$bكتبخانۀ تاريخ /$cمحررى: احمد مدحت.
=880  \\$6250-03/$aايلك دفعه.
=880  \1$6264-04/$aاستانبول :$bمحررك ذاتنه مخصوص مطبعه،$c1288-1298 [1871 or 1872-1880 or 1881]
=852  0\$aNNU$bBFALE$cFALES$hD103$i.A35 1871$mNon-circulating
=853  20$81$av.
=863  \\$81.1$a1
=863  \\$81.2$a2
=863  \\$81.3$a3
=863  \\$81.4$a4
=994  \\$aZ0$bZYU

