=LDR  03348cam a2200433 a 4500
=001  004273694
=003  OCoLC
=004  004273694
=005  20160415170302.0
=008  160415s1871\\\\tu\\\\\\\\\\\\000\0\ara\d
=035  \\$a(OCoLC)24891159
=040  \\$aWAU$beng$erda$cWAU$dOCLCG$dOCLCQ$dOCLCF$dOCLCQ$dOCLCO
=050  \4$aPJ6106$b.S55 1871
=066  \\$c(3
=100  1\$6880-01$aShidyāq, Aḥmad Fāris,$d1804?-1887,$eauthor.
=240  10$6880-02$aGhunyat al-ṭālib wa-munyat al-rāghib fī al-naḥw wa-al-ṣarf wa-ḥurūf al-maʻānī
=245  10$6880-03$aKitāb ghunyat al-ṭālib wa-munyat al-rāghib fī al-naḥw wa-al-ṣarf wa-ḥurūf al-maʻānī /$cAḥmad Afandī Fāris.
=250  \\$6880-04$aal-Ṭabʻah 1.
=264  \1$6880-05$a[Istanbul] :$bMaṭbaʻat al-Jawāʼib,$c1288 [1871]
=300  \\$a228, 8 pages ;$c22 cm
=336  \\$atext$btxt$2rdacontent
=337  \\$aunmediated$bn$2rdamedia
=338  \\$avolume$bnc$2rdacarrier
=500  \\$aSpecCol. c. 1 is bound in red leather, has watered silk endpaper and gilded edges. On front cover there are dedicatory inscriptions in Gold Ottoman Turkish and the sultanic seal (tuğra). The inscription in Ottoman Turkish reads: "el-sulṭân ibn el-sulṭân el-sulṭân al-ġâzî 'Abdülḥamîd H̲ân ḥażretlerının ṭaraf-i eşref mulûkânelerinden Vashington'da meclis-i mebʻûs̲an aʻżâʾından musyu Huvit ḥażretlerine ihdâ ettirilmiştir." On the back cover there are dedicatory inscriptions in English and French in gold and the symbol of the Ottoman state. The inscription in English reads: "Gift made by H.I.M. the Sultan Abdul-Hamid II to the honorable A.S. Hewitt[,] member of the House of Representatives in Washington[,] A.H. 1302 - 1884 A.D." The inscription in French reads: "Don fait par S.M.I le Sultan Abdul-Hamid II. a l'honorable M.A.S. Hewitt[,] membre de la Chambre des Representants a Washington[,] A.H. 1032 - 1884 A.D."$5NNU
=500  \\$aSpecCol. c. 1 was a gift of Abram Hewitt to the Library of the University of the City of New York. Accession number 8023L$5NNU
=650  \0$aArabic language$xGrammar.
=650  \7$aArabic language$xGrammar.$2fast$0(OCoLC)fst00812341
=700  1\$aHewitt, Abram S.$q(Abram Stevens),$d1822-1903,$edonor.$5NNU
=700  0\$aAbdülhamid$bII,$cSultan of the Turks,$d1842-1918.$5NNU
=710  2\$6880-05$aMaṭbaʻat al-Jawāʼib.
=776  08$iOnline version:$aShidyāq, Aḥmad Fāris, 1804?-1887.$sGhunyat al-ṭālib wa-munyat al-rāghib fī al-naḥw wa-al-ṣarf wa-ḥurūf al-maʻānī.$tKitāb ghunyat al-ṭālib wa-munyat al-rāghib fī al-naḥw wa-al-ṣarf wa-ḥurūf al-maʻānī.$bal-Ṭabʻah 1.$d[Istanbul] : Maṭbaʻat al-Jawāʼib, 1288 [1871]$w(OCoLC)875131713
=880  0\$6100-01/$aاحمد فارس شدياق.
=880  10$6240-02/$aغنية الطالب ومنية الراغب في النحو والصرف وحروف المعاني
=880  10$6245-03/$aكتاب غنية الطالب ومنية الراغب في النحو والصرف وحروف المعاني /$cاحمد افندي فارس.
=880  \\$6250-04/$aالطبعة 1.
=880  \1$6264-05/$a[Istanbul] :$bمطبعة الجوائب،$c1288 [1871]
=880  2\$6710-05/$aمطبعة الجوائب.
=852  0\$aNNU$bBFALE$cFALES$hPJ6106$i.S55 1871$mNon-circulating$t1
=994  \\$aZ0$bZYU

