=LDR  02802cam a2200433 i 4500
=001  004206072
=003  OCoLC
=005  20151111154342.0
=007  ta
=008  151111s1872\\\\tu\af\\\\\\\\\000\0\ota\d
=035  \\$a(OCoLC)26111861
=040  \\$aPUL$beng$erda$cPUL$dOCLCQ$dOCLCF$dOCLCO$dNNU
=050  \4$aPL220$b.S57 1872
=066  \\$c(3
=100  0\$6880-01$aŞirvanlı Ahmet Hamdi Efendi,‏$d1831?-1890,$eauthor.
=245  10$6880-02$aTeshîl ül-'arûż ve'l-ḳavâfî ve'l-bedâyi'.
=264  \1$6880-03$a[Istanbul] :$bTeraḳḳi Maṭba'ası,$c1288-1289 [1872]
=300  \\$a3 volumes in 2 (171, 52, 59 pages) :$billustrations ;$c18 cm.
=336  \\$atext$btxt$2rdacontent
=337  \\$aunmediated$bn$2rdamedia
=338  \\$avolume$bnc$2rdacarrier
=500  \\$aCaption title.
=500  \\$aVolume. 2-3 caption title: İlm ül-kavani [sic] ve'l-bedayi.
=500  \\$aSpecCol. c. 1 is bound in red leather, has watered silk endpaper and gilded edges. On front cover there are dedicatory inscriptions in Gold Ottoman Turkish and the sultanic seal (tuğra). The inscription in Ottoman Turkish reads: "el-sulṭân ibn el-sulṭân el-sulṭân al-ġazi 'Abdülḥamîd H̲ân ḥażretlerının ṭaraf-i eşref mulûkânelerinden Vashington'da meclis-i mebʻûs̲an aʻżâʾından musyu Huvit ḥażretlerine ihdâ ettirilmiştir." On the back cover there are dedicatory inscriptions in English and French in gold and the symbol of the Ottoman state. The inscription in English reads: "Gift made by H.I.M. the Sultan Abdul-Hamid II to the honorable A.S. Hewitt[,] member of the House of Representatives in Washington[,] A.H. 1302 - 1884 A.D." The inscription in French reads: "Don fait par S.M.I le Sultan Abdul-Hamid II. a l'honorable M.A.S. Hewitt[,] membre de la Chambre des Representants a Washington[,] A.H. 1032 - 1884 A.D."$5NNU
=500  \\$aSpecCol. c. 1 was a gift of Abram Hewitt to the University of the City of New York. Accession number 7914L$5NNU
=510  4\$aÖzege, M.S. Eski harflerle,$c20795
=650  \0$aTurkish language$xVersification.
=650  \0$aTurkish language$xRhetoric.
=650  \7$aTurkish language$xRhetoric.$2fast$0(OCoLC)fst01159458
=650  \7$aTurkish language$xVersification.$2fast$0(OCoLC)fst01159481
=700  1\$aHewitt, Abram S.$q(Abram Stevens),$d1822-1903,$edonor.$5NNU
=700  0\$aAbdülhamid$bII,$cSultan of the Turks,$d1842-1918.$5NNU
=880  0\$6100-01/$aسروانلى احمد احمدى افندى،‏$d1831?-1890,$eauthor.
=880  10$6245-02/$aتسهيل العروض والقوافى والبدائع.
=880  \1$6264-03/$a[Istanbul] :$bترقي مطبعه سي,$c1288-1289 [1872]
=852  \\$aNNU$bBFALE$cFALES$hPL220$i.S57 1872$mNon-circulating
=853  20$81$av.
=863  \\$81.1$a1
=994  \\$aZ0$bZYU

