=LDR  02380nam a2200349 i 4500
=001  004237346
=004  004237346
=005  20160222160806.0
=008  160222s1873\\\\tu\\\\\\\\\\\\000\0\ota\d
=040  \\$aNNU$beng$erda$cNNU
=041  1\$aota$hfre
=050  \4$aPC2111$b.H35 1873
=100  1\$6880-01$aH̲alîl.
=245  10$6880-02$aTaʻlîm-i lisân /$ces̲er-i H̲alîl.
=250  \\$6880-03$aİkinci defʻe.
=264  \1$6880-04$a[Istanbul] :$bMektep-i Ṣanâyiʻ Maṭbaʻası,$c1290 [1873 or 1874]
=300  \\$a223 pages ;$c23 cm.
=336  \\$atext$2rdacontent
=337  \\$aunmediated$2rdamedia
=338  \\$avolume$2rdacarrier
=500  \\$aText in French and Ottoman Turkish.
=500  \\$aSpecCol. c. 1 is bound in red leather, has watered silk endpaper and gilded edges. On front cover there are dedicatory inscriptions in Gold Ottoman Turkish and the sultanic seal (tuğra). The inscription in Ottoman Turkish reads: "el-sulṭân ibn el-sulṭân el-sulṭân al-ġazi 'Abdülḥamîd H̲ân ḥażretlerının ṭaraf-i eşref mulûkânelerinden Vashington'da meclis-i mebʻûs̲an aʻżâʾından musyu Huvit ḥażretlerine ihdâ ettirilmiştir." On the back cover there are dedicatory inscriptions in English and French in gold and the symbol of the Ottoman state. The inscription in English reads: "Gift made by H.I.M. the Sultan Abdul-Hamid II to the honorable A.S. Hewitt[,] member of the House of Representatives in Washington[,] A.H. 1302 - 1884 A.D." The inscription in French reads: "Don fait par S.M.I le Sultan Abdul-Hamid II. a l'honorable M.A.S. Hewitt[,] membre de la Chambre des Representants a Washington[,] A.H. 1032 - 1884 A.D."$5NNU
=500  \\$aSpecCol. c. 1 was a gift of Abram Hewitt to the Library of New York University. Accession number 30490$5NNU
=510  4\$aÖzege, M.S. Eski harflerle,$c19656
=650  \0$aFrench language$vTextbooks for foreign speakers$xTurkish.
=700  1\$aHewitt, Abram S.$q(Abram Stevens),$d1822-1903,$edonor.$5NNU
=700  0\$aAbdülhamid$bII,$cSultan of the Turks,$d1842-1918.$5NNU
=880  1\$6100-01/$aخليل.
=880  10$6245-02/$aتعليم لسان \$cاثر خليل.
=880  \\$6250-03/$aايكنجى دفعه.
=880  \1$6264-04/$a[ استانبول[ :$bمكتب صنائع مطبعهسى,$c1290 [1873 or 1874]
=852  0\$aNNU$bBFALE$cFALES$hPC2111$i.H35 1873$mNon-circulating$t1

