=LDR  02915cam a2200433 i 4500
=001  004260561
=003  OCoLC
=004  004260561
=005  20160307143940.0
=008  160307m18731876tu\\\\\\\l\\\\000\0\otaod
=035  \\$a(OCoLC)50062285$z(OCoLC)80045335
=040  \\$aNYP$beng$erda$cNYP$dOCLCQ$dTEF$dOCLCF$dOCLCQ$dOCLCO$dNNU
=043  \\$aa-tu---
=050  \4$aKKX68$b.T875 1873
=066  \\$c(3
=110  1\$aTurkey.
=245  10$6880-01$aDüstur.
=264  \1$6880-02$a[Istanbul] :$bMatbaa-yi Âmire,$c1289-1293 [1873-1876]
=300  \\$a4 volumes ;$c25 cm
=336  \\$atext$btxt$2rdacontent
=337  \\$aunmediated$bn$2rdamedia
=338  \\$avolume$bnc$2rdacarrier
=500  \\$aSpecCol. c. 1 is bound in red leather, has watered silk endpaper and gilded edges. On front cover there are dedicatory inscriptions in Gold Ottoman Turkish and the sultanic seal (tuğra). The inscription in Ottoman Turkish reads: "el-sulṭân ibn el-sulṭân el-sulṭân al-ġâzî 'Abdülḥamîd H̲ân ḥażretlerının ṭaraf-i eşref mulûkânelerinden Vashington'da meclis-i mebʻûs̲an aʻżâʾından musyu Huvit ḥażretlerine ihdâ ettirilmiştir." On the back cover there are dedicatory inscriptions in English and French in gold and the symbol of the Ottoman state. The inscription in English reads: "Gift made by H.I.M. the Sultan Abdul-Hamid II to the honorable A.S. Hewitt[,] member of the House of Representatives in Washington[,] A.H. 1302 - 1884 A.D." The inscription in French reads: "Don fait par S.M.I le Sultan Abdul-Hamid II. a l'honorable M.A.S. Hewitt[,] membre de la Chambre des Representants a Washington[,] A.H. 1032 - 1884 A.D."$5NNU
=500  \\$aSpecCol. c. 1 vol. 1 was a gift of Abram Hewitt to the University of the City of New York. Accession number 8008L$5NNU
=500  \\$aSpecCol. c. 1 vol. 2 was a gift of Abram Hewitt to the University of the City of New York. Accession number 8061L$5NNU
=500  \\$aSpecCol. c. 1 vol. 3 was a gift of Abram Hewitt to the University of the City of New York. Accession number 8062L$5NNU
=500  \\$aSpecCol. c. 1 vol. 4 was a gift of Abram Hewitt to the University of the City of New York. Accession number 8063L$5NNU
=510  4\$aÖzege, M.S. Eski harflerle,$c4484
=546  \\$aIn Ottoman Turkish;$bArabic script.
=650  \0$aLaw$zTurkey.
=650  \7$aLaw.$2fast$0(OCoLC)fst00993678
=651  \7$aTurkey.$2fast$0(OCoLC)fst01208963
=776  08$iOnline version:$aTurkey.$sLaws, etc.$tDüstur.$d[Istanbul] : Matbaa-i Âmire, 1289-1293 [1873-1876]$w(OCoLC)902987247
=700  1\$aHewitt, Abram S.$q(Abram Stevens),$d1822-1903,$edonor.$5NNU
=700  0\$aAbdülhamid$bII,$cSultan of the Turks,$d1842-1918.$5NNU
=880  10$6245-01/$aدستور.
=880  \1$6264-02/$a[استنبل] :$bمطبعه عامره،$c١٢٨٩-١٢٩٣.
=852  0\$aNNU$bBFALE$cFALEF$hKKX68$i.T875 1873$mNon-circulating$t1
=994  \\$aZ0$bZYU

