=LDR  02931cam a22004695a 4500
=001  004261731
=003  OCoLC
=005  20160311125944.0
=007  ta
=008  160311m18749999tu\a\\\\\\\\\\000\0\ota\d
=035  \\$a(OCoLC)747729455
=040  \\$aNDD$beng$erda$cNDD$dOCLCF$dOCLCQ$dNNU
=050  \4$aD23$b.A45 1874
=066  \\$c(3$c(4
=100  0\$6880-01$aAhmet Cevdet Paşa,$d1822-1895,$eauthor.
=245  10$6880-02$aTarih-i Cevdet.
=246  3\$aTarihi Cevdet
=264  \1$6880-03$a[Istanbul] :$bMatbaa-yı Amire,$c1292 [1874]
=300  \\$avolumes :$billustrations ;$c24 cm
=336  \\$atext$btxt$2rdacontent
=337  \\$aunmediated$bn$2rdamedia
=338  \\$avolume$bnc$2rdacarrier
=500  \\$aSpecCol. c. 1 is bound in red leather, has watered silk endpaper and gilded edges. On front cover there are dedicatory inscriptions in Gold Ottoman Turkish and the sultanic seal (tuğra). The inscription in Ottoman Turkish reads: "el-sulṭân ibn el-sulṭân el-sulṭân al-ġâzî 'Abdülḥamîd H̲ân ḥażretlerının ṭaraf-i eşref mulûkânelerinden Vashington'da meclis-i mebʻûs̲an aʻżâʾından musyu Huvit ḥażretlerine ihdâ ettirilmiştir." On the back cover there are dedicatory inscriptions in English and French in gold and the symbol of the Ottoman state. The inscription in English reads: "Gift made by H.I.M. the Sultan Abdul-Hamid II to the honorable A.S. Hewitt[,] member of the House of Representatives in Washington[,] A.H. 1302 - 1884 A.D." The inscription in French reads: "Don fait par S.M.I le Sultan Abdul-Hamid II. a l'honorable M.A.S. Hewitt[,] membre de la Chambre des Representants a Washington[,] A.H. 1032 - 1884 A.D."$5NNU
=500  \\$aSpecCol. c. 1 vol. 9 was a gift of Abram Hewitt to the Library of University of the City of New York. Accession number 7921L$5NNU
=500  \\$aSpecCol. c. 1 vol. 10 was a gift of Abram Hewitt to the Library of University of the City of New York. Accession number 7975L$5NNU
=500  \\$aSpecCol. c. 1 vol. 12 was a gift of Abram Hewitt to the Library of University of the City of New York. Accession number 8048L$5NNU
=510  4\$aÖzege, M.S. Eski harflerle,$c19772
=546  \\$aOttoman Turkish;$bArabic script.
=650  \0$aWorld history.
=650  \7$aWorld history.$2fast$0(OCoLC)fst01181345
=700  1\$aHewitt, Abram S.$q(Abram Stevens),$d1822-1903,$edonor.$5NNU
=700  0\$aAbdülhamid$bII,$cSultan of the Turks,$d1842-1918.$5NNU
=776  08$iOnline version:$aAhmet Cevdet Paşa, 1822-1895.$tTarih-i Cevdet.$d[Istanbul] : Matbaa-yı Amire, 1292 [1874]$w(OCoLC)868007916
=880  0\$6100-01/$aاحمد جودت.
=880  10$6245-02/$aتاريخ جودت.
=880  \1$6264-03/$a[Istanbul] :$bمطبعۀ عامره،$c1292 [1874]
=852  0\$aNNU$bBFALE$cFALES$hD23$i.A45 1874$mNon-circulating
=853  00$81$av.
=863  \\$81.1$a9
=863  \\$81.2$a10
=863  \\$81.3$a12
=994  \\$aZ0$bZYU

