=LDR  02468cam a2200373 i 4500
=001  004260555
=003  OCoLC
=004  004260555
=005  20160307141913.0
=008  160307s1875\\\\tu\\\\\\\\\\\\000\0\ota\d
=035  \\$a(OCoLC)83418770
=040  \\$aMH$beng$erda$cHLS$dOCLCF$dOCLCO$dOCLCQ$dNNU
=050  \4$aPL248.A4575$bO2 1875
=100  0\$6880-01$aAli Rıza,$eauthor.
=245  10$6880-02$aÖksüz kapudan /$cmuharriri Ali Rıza.
=264  \1$6880-03$aİstanbul :$bMehmet Efendi Matbaası,$c1292 [1875]
=300  \\$a2 volumes in 1 :$c24 cm.
=336  \\$atext$btxt$2rdacontent
=337  \\$aunmediated$bn$2rdamedia
=338  \\$avolume$bnc$2rdacarrier
=500  \\$aSpecCol. c. 1 is bound in red leather, has watered silk endpaper and gilded edges. On front cover there are dedicatory inscriptions in Gold Ottoman Turkish and the sultanic seal (tuğra). The inscription in Ottoman Turkish reads: "el-sulṭân ibn el-sulṭân el-sulṭân al-ġâzî 'Abdülḥamîd H̲ân ḥażretlerının ṭaraf-i eşref mulûkânelerinden Vashington'da meclis-i mebʻûs̲an aʻżâʾından musyu Huvit ḥażretlerine ihdâ ettirilmiştir." On the back cover there are dedicatory inscriptions in English and French in gold and the symbol of the Ottoman state. The inscription in English reads: "Gift made by H.I.M. the Sultan Abdul-Hamid II to the honorable A.S. Hewitt[,] member of the House of Representatives in Washington[,] A.H. 1302 - 1884 A.D." The inscription in French reads: "Don fait par S.M.I le Sultan Abdul-Hamid II. a l'honorable M.A.S. Hewitt[,] membre de la Chambre des Representants a Washington[,] A.H. 1032 - 1884 A.D."$5NNU
=500  \\$aSpecCol. c. 1 was a gift of Abram Hewitt to the University of the City of New York. Accession number 7976L$5NNU
=510  4\$aÖzege, M.S. Eski harflerle,$c16064
=546  \\$aIn Ottoman Turkish.
=650  \0$aTurkish literature$xCollections.
=650  \7$aTurkish literature.$2fast$0(OCoLC)fst01159487
=655  \7$aCollections.$2fast$0(OCoLC)fst01424032
=700  1\$aHewitt, Abram S.$q(Abram Stevens),$d1822-1903,$edonor.$5NNU
=700  0\$aAbdülhamid$bII,$cSultan of the Turks,$d1842-1918.$5NNU
=880  0\$6100-01/$aعلى رضا.
=880  10$6245-02/$aاوكسز قپودان \$cمحررى على رضا.
=880  \1$6264-03/$aاستانبول :$bمحمد افندى مطبعهسى,$c1292 [1875]
=852  0\$aNNU$bBFALE$cFALEF$hPL248.A4575$iO2 1875$mNon-circulating$t1
=994  \\$aZ0$bZYU

