=LDR  02776nam a2200349 i 4500
=001  004231590
=004  004231590
=005  20160202143953.0
=008  160202s1875\\\\tu\\\\\\\\\\\\000\0\ota\d
=040  \\$aNNU$beng$erda$cNNU
=050  \4$aBP144$b.K43 1875
=100  1\$6880-01$aKhâdimî, Muḥammad ibn Muṣṭafá,$d1701 or 1702-1762 or 1763,$eauthor.
=245  10$6880-02$aLevâmiʻ ud-deḳâʼiḳ fī terceme-i Mecâmiʻ ul-ḥaḳâʼiḳ /$cEbû Saʻı̂d H̲âdimī ; mütercimi: Aḥmed Ḥamdı̂.
=264  \1$6880-03$a[Istanbul] :$bEl-Ḥâc Muṣṭafá Efendi Maṭbaʻası,$c1293 [1875]
=300  \\$aIX, 313, 34, 18, 43, 8 pages ;$c18 cm.
=336  \\$atext$2rdacontent
=337  \\$aunmediated$2rdamedia
=338  \\$avolume$2rdacarrier
=500  \\$aFollowed by Manṭıḳ; ʻİlm-i menâẓara; ʻİlm-i cedel; Risâle-i bâhira fî ül-maḳâle ül-ẓâhira by Aḥmed Ḥamdī.$5NNU
=500  \\$aSpecCol. c. 1 is bound in red leather, has watered silk endpaper and gilded edges. On front cover there are dedicatory inscriptions in Gold Ottoman Turkish and the sultanic seal (tuğra). The inscription in Ottoman Turkish reads: "el-sulṭân ibn el-sulṭân el-sulṭân al-ġazi 'Abdülḥamîd H̲ân ḥażretlerının ṭaraf-i eşref mulûkânelerinden Vashington'da meclis-i mebʻûs̲an aʻżâʾından musyu Huvit ḥażretlerine ihdâ ettirilmiştir." On the back cover there are dedicatory inscriptions in English and French in gold and the symbol of the Ottoman state. The inscription in English reads: "Gift made by H.I.M. the Sultan Abdul-Hamid II to the honorable A.S. Hewitt[,] member of the House of Representatives in Washington[,] A.H. 1302 - 1884 A.D." The inscription in French reads: "Don fait par S.M.I le Sultan Abdul-Hamid II. a l'honorable M.A.S. Hewitt[,] membre de la Chambre des Representants a Washington[,] A.H. 1032 - 1884 A.D."$5NNU
=500  \\$aSpecCol. c. 1 was a gift of Abram Hewitt to the University of the City of New York. Accession number 7954L$5NNU
=510  4\$aÖzege, M.S. Eski harflerle,$c11636
=650  \0$aIslamic law$xInterpretation and construction.
=650  \0$aLogic.
=700  1\$6880-04$aḤamdı̂, Aḥmed.,$eauthor.
=700  1\$aHewitt, Abram S.$q(Abram Stevens),$d1822-1903,$edonor.$5NNU
=700  0\$aAbdülhamid$bII,$cSultan of the Turks,$d1842-1918.$5NNU
=880  1\$6100-01/$aخادمي، محمد بن مصطفى.
=880  10$6245-02/$aلوامع الدقائق فى ترجمه الحقائق \$cابو سعيد خادمى؛ مترجمى احمد حمدى.
=880  \1$6264-03/$a[]استانبول :$bالحاج مصطفى افندى مطبعهسى,$c1293 [1875]
=880  1\$6700-04/$aاحمد حمدى.
=852  0\$aNNU$bBFALE$cFALEF$hBP144$i.K43 1875$mNon-circulating$t1

