=LDR  03476cam a2200565 i 4500
=001  004238509
=003  OCoLC
=005  20161101095451.0
=007  ta
=008  160224m18751876tu\\\\\\\\\\\\000\0\otaod
=010  \\$a2014428190
=035  \\$a(OCoLC)889427724
=040  \\$aWAU$beng$erda$cWAU$dDLC$dOCLCO$dOCLCF$dOCLCQ$dNNU
=042  \\$alccopycat
=043  \\$aa-tu---
=050  00$aDR736$b.T39 1875
=100  0\$6880-01$aTayyârzadâ Aḥmad ʻAṭâ,$d1810-1880,$eauthor.
=245  10$6880-02$aTarih-i ʻAṭā /$ceser-i Tayyarzade Ahmet ʻAtā.
=264  \1$a[Istanbul] :$b[publisher not identified],$c[1292?]-1293 [1875?-76]
=300  \\$a5 volumes ;$c25 cm
=336  \\$atext$btxt$2rdacontent
=337  \\$aunmediated$bn$2rdamedia
=338  \\$avolume$bnc$2rdacarrier
=546  \\$aTurkish;$bArabic script.
=500  \\$aV. 3 published by Şeyh Yahya Efendi Matbaası
=500  \\$aSpecCol. c. 1 is bound in red leather, has watered silk endpaper and gilded edges. On front cover there are dedicatory inscriptions in Gold Ottoman Turkish and the sultanic seal (tuğra). The inscription in Ottoman Turkish reads: "el-sulṭân ibn el-sulṭân el-sulṭân al-ġâzî 'Abdülḥamîd Ḫân ḥażretlerının ṭaraf-i eşref mulûkânelerinden Vashington'da meclis-i mebʻûs̲an aʻżâʾından musyu Huvit ḥażretlerine ihdâ ettirilmiştir." On the back cover there are dedicatory inscriptions in English and French in gold and the symbol of the Ottoman state. The inscription in English reads: "Gift made by H.I.M. the Sultan Abdul-Hamid II to the honorable A.S. Hewitt[,] member of the House of Representatives in Washington[,] A.H. 1302 - 1884 A.D." The inscription in French reads: "Don fait par S.M.I le Sultan Abdul-Hamid II. a l'honorable M.A.S. Hewitt[,] membre de la Chambre des Representants a Washington[,] A.H. 1032 - 1884 A.D."$5NNU
=500  \\$aSpecCol. c. 1 vol. 1 was a gift of Abram Hewitt to the Library of New York University. Accession number 30441$5NNU
=500  \\$aSpecCol. c. 1 vol. 2 was a gift of Abram Hewitt to the Library of New York University. Accession number 30442$5NNU
=500  \\$aSpecCol. c. 1 vol. 3 was a gift of Abram Hewitt to the Library of New York University. Accession number 30443$5NNU
=500  \\$aSpecCol. c. 1 vol. 4 was a gift of Abram Hewitt to the Library of New York University. Accession number 30444$5NNU
=500  \\$aSpecCol. c. 1 vol. 5 was a gift of Abram Hewitt to the Library of New York University. Accession number 30445$5NNU
=510  4\$aÖzege, M.S. Eski harflerle,$c19767
=530  \\$aAlso issued online.
=651  \0$aTurkey$xHistory$yOttoman Empire, 1288-1918.
=651  \7$aTurkey.$2fast$0(OCoLC)fst01208963
=648  \7$a1288 - 1918.$2fast
=655  \7$aHistory.$2fast$0(OCoLC)fst01411628
=776  08$iOnline version:$aʻAṭā, Tayyarzade Ahmet Atâullah, 1810-1877 or 80.$tTarih-i ʻAṭā.$d[İstanbul : s.n., 1292-1293 1875-76]$w(OCoLC)555693843
=700  1\$aHewitt, Abram S.$q(Abram Stevens),$d1822-1903,$edonor.$5NNU
=700  0\$aAbdülhamid$bII,$cSultan of the Turks,$d1842-1918.$5NNU
=880  1\$6100-01/$aطيارزاده احمد عطا.
=880  10$6245-02/$aتاريخ عطا \$cاثر طيارزاده احمد عطا.
=852  0\$aNNU$bBFALE$cFALES$hDR736$i.T39 1875$mNon-circulating
=853  00$81$av.
=863  \\$81.1$a1
=863  \\$81.2$a2
=863  \\$81.3$a3
=863  \\$81.4$a4
=863  \\$81.5$a5
=994  \\$aZ0$bZYU

