=LDR  02204nam a2200325 i 4500
=001  004222962
=004  004222962
=005  20161101095519.0
=008  160111s1876\\\\tu\\\\\\\b\\\\000\0\ota\d
=040  \\$aNNU$beng$erda$cNNU
=050  \4$aPK6546$b.B676 1876
=066  \\$c(3
=100  1\$6880-01$aBosnavı̂ Sudi,$d-1596 or 1597,$eauthor.
=245  10$6880-02$aGülistân Şerhi /$cSûdî Efendi.
=264  \1$a[Istanbul? :$bs.n.,]$c1293 [1876 or 1877]
=300  \\$a512 pages ;$c32 cm.
=336  \\$atext$2rdacontent
=337  \\$aunmediated$2rdamedia
=338  \\$avolume$2rdacarrier
=500  \\$aSpecCol. c. 1 is bound in red leather, has watered silk endpaper and gilded edges. On front cover there are dedicatory inscriptions in Gold Ottoman Turkish and the sultanic seal (tuğra). The inscription in Ottoman Turkish reads: "el-sulṭân ibn el-sulṭân el-sulṭân al-ġazi 'Abdülḥamîd Ḫân ḥażretlerının ṭaraf-i eşref mulûkânelerinden Vashington'da meclis-i mebʻûs̲an aʻżâʾından musyu Huvit ḥażretlerine ihdâ ettirilmiştir." On the back cover there are dedicatory inscriptions in English and French in gold and the symbol of the Ottoman state. The inscription in English reads: "Gift made by H.I.M. the Sultan Abdul-Hamid II to the honorable A.S. Hewitt[,] member of the House of Representatives in Washington[,] A.H. 1302 - 1884 A.D." The inscription in French reads: "Don fait par S.M.I le Sultan Abdul-Hamid II. a l'honorable M.A.S. Hewitt[,] membre de la Chambre des Representants a Washington[,] A.H. 1032 - 1884 A.D."$5NNU
=500  \\$aSpecCol. c. 1 was a gift of Abram Hewitt to the University of the City of New York. Accession number 7818L$5NNU
=510  4\$aÖzege, M.S. Eski harflerle,$c6402
=600  00$aSaʻdī.$tGulistān.
=600  00$aSaʻdī$xCriticism and interpretation.
=650  \0$aPersian poetry$y747-1500$xHistory and criticism.
=700  1\$aHewitt, Abram S.$q(Abram Stevens),$d1822-1903,$edonor.$5NNU
=700  0\$aAbdülhamid$bII,$cSultan of the Turks,$d1842-1918.$5NNU
=880  1\$6100-01/$aبوسنوى سودى.
=880  10$6245-02/$aگلستان شرحى.
=852  0\$aNNU$bBFALE$cFALES$hPK6546$i.B676 1876$mNon-circulating$t1

