=LDR  03369cam a22004935i 4500
=001  004236437
=003  OCoLC
=005  20161101095543.0
=007  ta
=008  160218s1876\\\\tu\af\\\\\\\\\000\0\ota\d
=035  \\$a(OCoLC)25347287
=040  \\$aPUL$beng$cPUL$dOCLCG$dOCLCQ$dOCLCF$dOCLCQ
=041  1\$aota$hfre
=050  \4$aQC20$b.G2 1876
=100  1\$aGanot, A.$q(Adolphe),$d1804-1887,$eauthor.
=240  10$aTraité élémentaire de physique expérimentale et appliquée et de météorologie.$lOttoman Turkish
=245  10$6880-01$aİlm-i hikmet-i tabiiye /$ceser-i Antranik Kırcıkyan.
=264  \1$6880-02$a[İstanbul] :$bMektep-i Tibbiye-yi Şahane Matbaası,$c1293 [1876]
=300  \\$avolumes :$billustrations ;$c24 cm
=336  \\$atext$btxt$2rdacontent
=337  \\$aunmediated$bn$2rdamedia
=338  \\$avolume$bnc$2rdacarrier
=500  \\$aTurkish in Arabic script.
=500  \\$aTranslation of: Traité élémentaire de physique expérimentale et appliquée et de météorologie.
=500  \\$aSpecCol. c. 1 is bound in red leather, has watered silk endpaper and gilded edges. On front cover there are dedicatory inscriptions in Gold Ottoman Turkish and the sultanic seal (tuğra). The inscription in Ottoman Turkish reads: "el-sulṭân ibn el-sulṭân el-sulṭân al-ġâzî 'Abdülḥamîd Ḫân ḥażretlerının ṭaraf-i eşref mulûkânelerinden Vashington'da meclis-i mebʻûs̲an aʻżâʾından musyu Huvit ḥażretlerine ihdâ ettirilmiştir." On the back cover there are dedicatory inscriptions in English and French in gold and the symbol of the Ottoman state. The inscription in English reads: "Gift made by H.I.M. the Sultan Abdul-Hamid II to the honorable A.S. Hewitt[,] member of the House of Representatives in Washington[,] A.H. 1302 - 1884 A.D." The inscription in French reads: "Don fait par S.M.I le Sultan Abdul-Hamid II. a l'honorable M.A.S. Hewitt[,] membre de la Chambre des Representants a Washington[,] A.H. 1032 - 1884 A.D."$5NNU
=500  \\$aSpecCol. c. 1 vol. 2 was a gift of Abram Hewitt to the University of the City of New York. Accession number 7762L$5NNU
=500  \\$aSpecCol. c. 1 vol. 3 was a gift of Abram Hewitt to the University of the City of New York. Accession number 7763L$5NNU
=510  4\$aÖzege, M.S. Eski harflerle,$c8936
=650  \0$aPhysics.
=650  \7$aPhysics.$2fast$0(OCoLC)fst01063025
=700  0\$aAntranik Kırcıkyan.
=710  2\$6880-03$aMektep-i Tibbiye-yi Şahane Matbaası,$epublisher.
=776  08$iOnline version:$aGanot, A. (Adolphe), 1804-1887.$sTraité élémentaire de physique expérimentale et appliquée et de météorologie. Ottoman Turkish.$tİlm-i hikmet-i tabiiye.$d[İstanbul] : Mektep-i Tıbbiye-yi Şahane Matbaası, 1293 [1876]$w(OCoLC)656795100
=700  1\$aHewitt, Abram S.$q(Abram Stevens),$d1822-1903,$edonor.$5NNU
=700  0\$aAbdülhamid$bII,$cSultan of the Turks,$d1842-1918.$5NNU
=880  10$6245-01/$aعلم حكمت طبعيه \$cاثر انترانيق قيرجكيان.
=880  \1$6264-02/$a[ استانبول[ :$aمكتب طبيهٔ شاهانه مطبعهسى,$a1293 [1876]
=880  2\$6710-03/$aمكتب طبيهٔ شاهانه مطبعهسى.
=852  0\$aNNU$bBFALE$cFALES$hQC20$i.G2 1876$mNon-circulating
=853  20$81$av.
=863  \\$81.1$a1
=863  \\$81.2$a2
=863  \\$81.3$a3
=994  \\$aZ0$bZYU

