=LDR  02822cam a2200433 i 4500
=001  004206698
=003  OCoLC
=004  004206698
=005  20161101095623.0
=008  151113s1876\\\\tu\a\\\\\\\\\\000\0\ota\d
=035  \\$a(OCoLC)316103503
=040  \\$aLGG$beng$erda$cLGG$dOCLCF$dOCLCO$dOCLCQ$dSTF$dNNU
=043  \\$aa-uz---$aac-----
=050  \4$aDK944$b.M34 1876
=066  \\$c(3
=100  1\$aMagemann,$eauthor.
=245  10$aHive siyāḥatnāmesi ve tārīhi /$cMagemann ; [Ingilizcden mütercimi Baḥrīye kol agasi Aḥmed ve-Muṣṭafá Suʻadā].
=246  1\$6880-01$aKhīvah siyāḥatnāmesi ve tārīkhī
=264  \1$6880-02$aDersʻātda :$bBaṣīret Maṭbaʻasında,$c1292 [1876]
=300  \\$a459 pages :$billustrations, map ;$c23 cm
=336  \\$atext$btxt$2rdacontent
=337  \\$aunmediated$bn$2rdamedia
=338  \\$avolume$bnc$2rdacarrier
=500  \\$aSpecCol. c. 1 is bound in red leather, has watered silk endpaper and gilded edges. On front cover there are dedicatory inscriptions in Gold Ottoman Turkish and the sultanic seal (tuğra). The inscription in Ottoman Turkish reads: "el-sulṭân ibn el-sulṭân el-sulṭân al-ġazi 'Abdülḥamîd Ḫân ḥażretlerının ṭaraf-i eşref mulûkânelerinden Vashington'da meclis-i mebʻûs̲an aʻżâʾından musyu Huvit ḥażretlerine ihdâ ettirilmiştir." On the back cover there are dedicatory inscriptions in English and French in gold and the symbol of the Ottoman state. The inscription in English reads: "Gift made by H.I.M. the Sultan Abdul-Hamid II to the honorable A.S. Hewitt[,] member of the House of Representatives in Washington[,] A.H. 1302 - 1884 A.D." The inscription in French reads: "Don fait par S.M.I le Sultan Abdul-Hamid II. a l'honorable M.A.S. Hewitt[,] membre de la Chambre des Representants a Washington[,] A.H. 1032 - 1884 A.D."$5NNU
=500  \\$aSpecCol. c. 1 was a gift of Abram Hewitt to the University of the City of New York. Accession number 8027L$5NNU
=510  4\$aÖzege, M.S. Eski harflerle,$c7682
=651  \0$aKhiva (Uzbekistan)$xDescription and travel.
=651  \0$aAsia, Central$xDescription and travel.
=650  \7$aTravel.$2fast$0(OCoLC)fst01155558
=651  \7$aAsia, Central.$2fast$0(OCoLC)fst01240497
=651  \7$aUzbekistan$zKhiva.$2fast$0(OCoLC)fst01225025
=710  2\$6880-03$aBaṣīret Maṭbaʻası,$epublisher.
=700  1\$aHewitt, Abram S.$q(Abram Stevens),$d1822-1903,$edonor.$5NNU
=700  0\$aAbdülhamid$bII,$cSultan of the Turks,$d1842-1918.$5NNU
=880  1\$6246-01/$aخىوه سىاحتنامه سى و تارىخى
=880  \1$6264-02/$aدرسعاتده :$bبصيرت مطبعة سنده،$c1292 [1876]
=880  2\$6710-03/$aبصيرت مطبعةسى.
=852  0\$aNNU$bBFALE$cFALES$hDK944$i.M34 1876$mNon-circulating$t1
=994  \\$aZ0$bZYU

