=LDR  02678nam a2200421 i 4500
=001  004213799
=005  20161101095641.0
=007  ta
=008  151209s1876\\\\tu\a\\\\\\\\\\000\0\ota\d
=040  \\$aNNU$beng$erda$cNNU
=043  \\$aa-tu---
=050  \4$aTA111$b.M36 1876
=100  1\$6880-01$aManastırlı Mehmet Rifat,$d1851-1907,$eauthor.
=245  10$6880-02$aMecelle-yi hendese /$cMeḥmet Rif'at.
=250  \\$6880-03$aTab'-i evvel.
=264  \1$6880-04$aIstanbul :$bṢaḥḥâf-i 'askerî,$c1292 [1876]
=300  \\$a5 volumes :$bIllustrations ;$c18 cm.
=336  \\$atext$2rdacontent
=337  \\$aunmediated$2rdamedia
=338  \\$avolume$2rdacarrier
=500  \\$aSpecCol. c. 1 is bound in red leather, has watered silk endpaper and gilded edges. On front cover there are dedicatory inscriptions in Gold Ottoman Turkish and the sultanic seal (tuğra). The inscription in Ottoman Turkish reads: "el-sulṭân ibn el-sulṭân el-sulṭân al-ġazi 'Abdülḥamîd Ḫân ḥażretlerının ṭaraf-i eşref mulûkânelerinden Vashington'da meclis-i mebʻûs̲an aʻżâʾından musyu Huvit ḥażretlerine ihdâ ettirilmiştir." On the back cover there are dedicatory inscriptions in English and French in gold and the symbol of the Ottoman state. The inscription in English reads: "Gift made by H.I.M. the Sultan Abdul-Hamid II to the honorable A.S. Hewitt[,] member of the House of Representatives in Washington[,] A.H. 1302 - 1884 A.D." The inscription in French reads: "Don fait par S.M.I le Sultan Abdul-Hamid II. a l'honorable M.A.S. Hewitt[,] membre de la Chambre des Representants a Washington[,] A.H. 1032 - 1884 A.D."$5NNU
=500  \\$aSpecCol. c. 1, vol. 1, was a gift of Abram Hewitt to the University of the City of New York. Accession number 7904L$5NNU
=500  \\$aSpecCol. c. 1, vol. 4, was a gift of Abram Hewitt to the University of the City of New York. Accession number 8052L$5NNU
=510  4\$aÖzege, M.S. Eski harflerle,$c12473
=650  \0$aEngineering$zTurkey$xHistory$y19th century.
=710  2\$6880-05$aṢaḥḥâf-i 'askerî,$epublisher.
=700  1\$aHewitt, Abram S.$q(Abram Stevens),$d1822-1903,$edonor.$5NNU
=700  0\$aAbdülhamid$bII,$cSultan of the Turks,$d1842-1918.$5NNU
=880  1\$6100-01/$aمناسترلى محمد رفعت.
=880  10$6245-02/$aمجلهٔ هندسه \$c.محمد رفعت
=880  \\$6250-03/$aطبع اول.
=880  \1$6264-04/$aاستانبول :$bصحاف عسكرى,$c1292 [1876]
=880  2\$6710-05/$aصحاف عسكرى.
=852  0\$aNNU$bBFALE$cFALES$hTA111$i.M36 1876$mNon-circulating
=853  00$81$av.
=863  \\$81.1$a1
=863  \\$81.2$a2
=863  \\$81.4$a4

