=LDR  02854nam a2200409 i 4500
=001  004234194
=003  OCoLC
=004  004234194
=005  20160210140459.0
=008  160210s1876\\\\tu\\\\\\\\\\\\000\0\otao\
=010  \\$a2015481551
=035  \\$a(OCoLC)933865993
=040  \\$aDLC$beng$erda$cDLC$dNNU
=042  \\$apcc
=050  00$aPL248$b.M4253 1876
=100  0\$6880-01$aMehmet Emin Hilmi.
=240  10$aPoems
=245  10$6880-02$aTrabzon eşref handanından mektûb-i vilayet mümeyyizi ve sabik gazete muharriri izzetlü Mehmet Emin Hilmi Efendinin maʻa münseat Divan-i belâgat unvanlarıdır /$csarmürettib Nurî.
=246  3\$6880-03$aDivan ve münşeat-i Hilmi
=264  \1$6880-04$a[Trabzon] :$bTrabzon Vilayeti Matbaası,$c1293 [1876]
=300  \\$a288, 7 pages ;$c22 cm
=336  \\$atext$2rdacontent
=337  \\$aunmediated$2rdamedia
=338  \\$avolume$2rdacarrier
=546  \\$aTurkish$bArabic script.
=500  \\$aSpecCol. c. 1 is bound in red leather, has watered silk endpaper and gilded edges. On front cover there are dedicatory inscriptions in Gold Ottoman Turkish and the sultanic seal (tuğra). The inscription in Ottoman Turkish reads: "el-sulṭân ibn el-sulṭân el-sulṭân al-ġâzî 'Abdülḥamîd H̲ân ḥażretlerının ṭaraf-i eşref mulûkânelerinden Vashington'da meclis-i mebʻûs̲an aʻżâʾından musyu Huvit ḥażretlerine ihdâ ettirilmiştir." On the back cover there are dedicatory inscriptions in English and French in gold and the symbol of the Ottoman state. The inscription in English reads: "Gift made by H.I.M. the Sultan Abdul-Hamid II to the honorable A.S. Hewitt[,] member of the House of Representatives in Washington[,] A.H. 1302 - 1884 A.D." The inscription in French reads: "Don fait par S.M.I le Sultan Abdul-Hamid II. a l'honorable M.A.S. Hewitt[,] membre de la Chambre des Representants a Washington[,] A.H. 1032 - 1884 A.D."$5NNU
=500  \\$aSpecCol. c. 1 was a gift of Abram Hewitt to the Library of New York University. Accession number 30476$5NNU
=500  \\$aÖzege lists title under: Divan ve münşeat-i Hilmi.
=510  4\$aÖzege, M. S. Eski harflerle,$c4106
=700  1\$aHewitt, Abram S.$q(Abram Stevens),$d1822-1903,$edonor.$5NNU
=700  0\$aAbdülhamid$bII,$cSultan of the Turks,$d1842-1918.$5NNU
=880  0\$6100-01/$aمحمد امين حلمى.
=880  10$6245-02/$aطربزون اشراف خاندانندن مكتوبئ ولايت مميزى وسابق غزته محررى عزتلو محمد امين حلمى افندينك مع منشأت ديوان بلاغت عنوانلريدر \$cسرمرتب نورى.
=880  3\$6246-03/$aديوان منشأت حلمى.
=880  \1$6264-04/$a]طربزون] :$aطربزون ولايتى مطبعهسى,$a1293 [1876]
=852  0\$bBFALE$cFALES$hPL248$i.M4253 1876$aNNU
=994  \\$aZ0$bZYU

