=LDR  02690nam a2200337 i 4500
=001  004273102
=004  004273102
=005  20160413120636.0
=008  160413s1876\\\\tu\f\\\\\\\\\\000\0\ota\d
=040  \\$aNNU$beng$erda$cNNU
=043  \\$aa-tu---
=050  \4$aUF800$b.N4 1876
=100  1\$6880-01$aNesîp, 'Abdürraḥmân$qMah̲rec-i Mekâtib-i 'Askeriye Mudîri ḳâymaḳâm
=245  10$6880-02$aTopçuluk fenni h̲ulâsasi /$cMah̲rec-i Mekâtib-i 'Askeriye Mudîri ḳâymaḳâm 'izzetlu 'Abdürraḥmân Nesîp Bey'in es̲eridir.
=264  \1$6880-03$aIstanbul :$bCerîde-yi 'Askeriye Maṭba'ası,$c1292 [1876]
=300  \\$a39 pages :$bfolded plates ;$c16 cm.
=336  \\$atext$2rdacontent
=337  \\$aunmediated$2rdamedia
=338  \\$avolume$2rdacarrier
=500  \\$aSpecCol. c. 1 is bound in red leather, has watered silk endpaper and gilded edges. On front cover there are dedicatory inscriptions in Gold Ottoman Turkish and the sultanic seal (tuğra). The inscription in Ottoman Turkish reads: "el-sulṭân ibn el-sulṭân el-sulṭân al-ġâzî 'Abdülḥamîd H̲ân ḥażretlerının ṭaraf-i eşref mulûkânelerinden Vashington'da meclis-i mebʻûs̲an aʻżâʾından musyu Huvit ḥażretlerine ihdâ ettirilmiştir." On the back cover there are dedicatory inscriptions in English and French in gold and the symbol of the Ottoman state. The inscription in English reads: "Gift made by H.I.M. the Sultan Abdul-Hamid II to the honorable A.S. Hewitt[,] member of the House of Representatives in Washington[,] A.H. 1302 - 1884 A.D." The inscription in French reads: "Don fait par S.M.I le Sultan Abdul-Hamid II. a l'honorable M.A.S. Hewitt[,] membre de la Chambre des Representants a Washington[,] A.H. 1032 - 1884 A.D."$5NNU
=500  \\$aSpecCol. c. 1 was a gift of Abram Hewitt to the University of the City of New York. Accession number 8032L$5NNU
=650  \0$aArtillery$zTurkey$y19th century.
=650  \0$aArtillery.
=700  1\$aHewitt, Abram S.$q(Abram Stevens),$d1822-1903,$edonor.$5NNU
=700  0\$aAbdülhamid$bII,$cSultan of the Turks,$d1842-1918.$5NNU
=710  2\$6880-04$aCerîde-yi 'Askeriye Maṭba'ası,$epublisher.
=880  1\$6100-01/$aنسيب, عبد الرحمن$qمخرج مكاتب عسكريه مديري قائمقام.
=880  10$6245-02/$aطوپجيلق فنى خلاصهسى \$cمخرج مكاتب عسكريه مديري قائمقام عزتلو عبد الرحمن بكك اثريدر.
=880  \1$6264-03/$aاستانبول :$aجريده عسكريهٔ مطبعهسى,$a1292 [1876]
=880  2\$6710-04/$aجريده عسكريهٔ مطبعهسى.
=852  0\$aNNU$bBFALE$cFALES$hUF800$i.N4 1876$mNon-circulating$t1

