=LDR  02921cam a2200445 i 4500
=001  004235896
=003  OCoLC
=004  004235896
=005  20161101095722.0
=008  160217s1876\\\\tu\\\\\\\\\\\\000\0\ota\d
=035  \\$a(OCoLC)11923178
=040  \\$aCLU$beng$erda$cCLU$dOCLCG$dOCLCQ
=050  \4$aPL248$bS545 1876
=100  0\$6880-01$aŞemseddin Sâmî,$d1850-1904,$eauthor.
=245  10$6880-02$aGâve :$bbeş fasıldan ibaret facia /$cmuharriri, Ş. Sâmı̂.
=246  3\$aKâve
=264  \1$6880-03$aİstanbul :$bTasvir-i Efkâr Matbaası,$c1293 [1876]
=300  \\$a190 pages ;$c16 cm.
=336  \\$atext$btxt$2rdacontent
=337  \\$aunmediated$bn$2rdamedia
=338  \\$avolume$bnc$2rdacarrier
=490  0\$6880-04$aMatbuat-ı ceyyide ;$vadet 3
=500  \\$aPlay.
=500  \\$aAlso known as: Kâve.
=500  \\$aSpecCol. c. 1 is bound in red leather, has watered silk endpaper and gilded edges. On front cover there are dedicatory inscriptions in Gold Ottoman Turkish and the sultanic seal (tuğra). The inscription in Ottoman Turkish reads: "el-sulṭân ibn el-sulṭân el-sulṭân al-ġâzî 'Abdülḥamîd Ḫân ḥażretlerının ṭaraf-i eşref mulûkânelerinden Vashington'da meclis-i mebʻûs̲an aʻżâʾından musyu Huvit ḥażretlerine ihdâ ettirilmiştir." On the back cover there are dedicatory inscriptions in English and French in gold and the symbol of the Ottoman state. The inscription in English reads: "Gift made by H.I.M. the Sultan Abdul-Hamid II to the honorable A.S. Hewitt[,] member of the House of Representatives in Washington[,] A.H. 1302 - 1884 A.D." The inscription in French reads: "Don fait par S.M.I le Sultan Abdul-Hamid II. a l'honorable M.A.S. Hewitt[,] membre de la Chambre des Representants a Washington[,] A.H. 1032 - 1884 A.D."$5NNU
=500  \\$aSpecCol. c. 1 was a gift of Abram Hewitt to the University of the City of New York. Accession number 8082L$5NNU
=510  4\$aÖzege, M.S. Eski harflerle,$c10446
=710  2\$6880-05$aTasvir-i Efkâr Matbaası,$epublisher.
=776  08$iOnline version:$aŞemseddin Sâmî, 1850-1904.$tGâve.$dİstanbul : Tasvir-i Efkâr Matbaası, 1293 [1876]$w(OCoLC)864482374
=700  1\$aHewitt, Abram S.$q(Abram Stevens),$d1822-1903,$edonor.$5NNU
=700  0\$aAbdülhamid$bII,$cSultan of the Turks,$d1842-1918.$5NNU
=880  0\$6100-01/$aشمس الدين سامى,$d1850-1904.
=880  10$6245-02/$aكاوه :$bبش فصلدن عبارت فاجعه \$cمحررى ش. سامى.
=880  \1$6264-03/$aاستانبول :$bتصوير افكار مطبعهسى,$c1293 [1876]
=880  0\$6490-04/$aمطبوعات جيده ؛$vعدد 3
=880  2\$6710-05/$aتصوير افكار مطبعهسى.
=830  \0$6880-05$aMatbuat-ı ceyyide ;$vadet 3.
=880  \0$6830-05/$aمطبوعات جيده ;$vعدد 3.
=852  0\$aNNU$bBFALE$cFALEF$hPL248$iS545 1876$mNon-circulating$t1
=994  \\$aZ0$bZYU

