=LDR  02993cam a2200457 i 4500
=001  004237504
=003  OCoLC
=004  004237504
=005  20161101095822.0
=008  160222s1877\\\\tu\f\\\\\\\\\\000\0\ota\d
=035  \\$a(OCoLC)13040444
=040  \\$aCLU$beng$erda$cCLU$dOCL$dOCLCQ$dB9K$dDEBBG$dOCLCQ$dOCLCF$dOCLCQ$dOCLCO$dNNU
=043  \\$aac-----
=050  \4$aDK856$b.M97 1877
=066  \\$c(3
=084  \\$aGK 8690$2rvk
=245  00$6880-01$aMusavver Türkistan tarih ve seyahatnamesi /$c[Yazan] Şiller ; mütercimi, Ahmed.
=264  \1$6880-02$aIstanbul :$bBasiret Gazetesi Matbaası,$c1294 [1877]
=300  \\$a334 pages :$b[17] illustrated plates ;$c22 cm.
=336  \\$atext$btxt$2rdacontent
=337  \\$aunmediated$bn$2rdamedia
=338  \\$avolume$bnc$2rdacarrier
=500  \\$aSpecCol. c. 1 is bound in red leather, has watered silk endpaper and gilded edges. On front cover there are dedicatory inscriptions in Gold Ottoman Turkish and the sultanic seal (tuğra). The inscription in Ottoman Turkish reads: "el-sulṭân ibn el-sulṭân el-sulṭân al-ġâzî 'Abdülḥamîd Ḫân ḥażretlerının ṭaraf-i eşref mulûkânelerinden Vashington'da meclis-i mebʻûs̲an aʻżâʾından musyu Huvit ḥażretlerine ihdâ ettirilmiştir." On the back cover there are dedicatory inscriptions in English and French in gold and the symbol of the Ottoman state. The inscription in English reads: "Gift made by H.I.M. the Sultan Abdul-Hamid II to the honorable A.S. Hewitt[,] member of the House of Representatives in Washington[,] A.H. 1302 - 1884 A.D." The inscription in French reads: "Don fait par S.M.I le Sultan Abdul-Hamid II. a l'honorable M.A.S. Hewitt[,] membre de la Chambre des Representants a Washington[,] A.H. 1032 - 1884 A.D."$5NNU
=500  \\$aSpecCol. c. 1 was a gift of Abram Hewitt to the University of the City of New York. Accession number 7938L$5NNU
=510  4\$aÖzege, M.S. Eski harflerle,$c14488
=651  \0$aAsia, Central$xHistory.
=651  \0$aAsia, Central$xDescription and travel.
=650  \7$aTravel.$2fast$0(OCoLC)fst01155558
=651  \7$aAsia, Central.$2fast$0(OCoLC)fst01240497
=655  \7$aHistory.$2fast$0(OCoLC)fst01411628
=700  0\$6880-03$aAhmed.
=710  2\$6880-04$aBasiret Gazetesi Matbaası,$epublisher.
=776  08$iOnline version:$tMusavver Türkistan tarih ve seyahatnamesi.$dIstanbul : Basiret Gazetesi Matbaası, 1294 [1877]$w(OCoLC)903406676
=700  1\$aHewitt, Abram S.$q(Abram Stevens),$d1822-1903,$edonor.$5NNU
=700  0\$aAbdülhamid$bII,$cSultan of the Turks,$d1842-1918.$5NNU
=880  00$6245-01/$aمصور تركستان تاريخ و سياحتنامهسى /$c[شيللر ؛ مترجمى احمد].
=880  \1$6264-02/$aاستانبول :$bبصيرت غزتهسى مطبعهسى،$c١٢٩٤.
=880  0\$6700-03/$aاحمد.
=880  2\$6710-04/$aبصيرت غزتهسى مطبعهسى.
=852  0\$aNNU$bBFALE$cFALES$hDK856$i.M97 1877$mNon-circulating$t1
=994  \\$aZ0$bZYU

