=LDR  02665nam a2200397 i 4500
=001  004273114
=004  004273114
=005  20160413124942.0
=008  160413s1877\\\\tu\f\\\\\b\\\\000\0\ota\d
=040  \\$aNNU$beng$erda$cNNU
=043  \\$aa-tu---
=050  \4$aUF800$b.F4 1877
=100  0\$6880-01$aAḥmed Refîḳ,$eauthor.
=245  10$6880-02$aEndâht baḥs̲ı.
=264  \1$6880-03$aIstanbul:$bMektep-i Fünûn-i Ḥarbiye-yi Cenâb-i Mülûkane Maṭbaʻası,$c1294 [1877]
=300  \\$a336 pages :$bFolded plates ;$c18 cm.
=336  \\$atext$2rdacontent
=337  \\$aunmediated$2rdamedia
=338  \\$avolume$2rdacarrier
=500  \\$aSpecCol. c. 1 is bound in red leather, has watered silk endpaper and gilded edges. On front cover there are dedicatory inscriptions in Gold Ottoman Turkish and the sultanic seal (tuğra). The inscription in Ottoman Turkish reads: "el-sulṭân ibn el-sulṭân el-sulṭân al-ġâzî 'Abdülḥamîd H̲ân ḥażretlerının ṭaraf-i eşref mulûkânelerinden Vashington'da meclis-i mebʻûs̲an aʻżâʾından musyu Huvit ḥażretlerine ihdâ ettirilmiştir." On the back cover there are dedicatory inscriptions in English and French in gold and the symbol of the Ottoman state. The inscription in English reads: "Gift made by H.I.M. the Sultan Abdul-Hamid II to the honorable A.S. Hewitt[,] member of the House of Representatives in Washington[,] A.H. 1302 - 1884 A.D." The inscription in French reads: "Don fait par S.M.I le Sultan Abdul-Hamid II. a l'honorable M.A.S. Hewitt[,] membre de la Chambre des Representants a Washington[,] A.H. 1032 - 1884 A.D."$5NNU
=500  \\$aSpecCol. c. 1 was a gift of Abram Hewitt to the University of the City of New York. Accession number 8039L$5NNU
=510  4\$aÖzege, M.S. Eski harflerle,$c4951
=650  \0$aArtillery$zTurkey$y19th century.
=650  \0$aArtillery.
=700  0\$6880-04$aSaʻdeddîn,$eauthor.
=700  0\$6880-05$aMehmet İzzet,$eauthor.
=700  1\$aHewitt, Abram S.$q(Abram Stevens),$d1822-1903,$edonor.$5NNU
=700  0\$aAbdülhamid$bII,$cSultan of the Turks,$d1842-1918.$5NNU
=710  2\$6880-06$aMektep-i Fünûn-i Ḥarbiye-yi Cenâb-i Mülûkane Maṭbaʻası,$epublisher.
=880  0\$6100-01/$aاحمد رفيق.
=880  10$6245-02/$aاندخت بحثى.
=880  \1$6264-03/$aاستانبول :$bمكتب فنون حربيه جناب ملوكانه مطبعهسى,$c1294 [1877]
=880  0\$6700-04/$aسعد الدين.
=880  0\$6700-05/$aمحمد عزت.
=880  2\$6710-06/$aمكتب فنون حربيه جناب ملوكانه مطبعهسى.
=852  0\$aNNU$bBFALE$cFALES$hUF800$i.F4 1877$mNon-circulating$t1

