=LDR  02327nam a2200325 i 4500
=001  004234192
=004  004234192
=005  20161101095855.0
=008  160210s1877\\\\tu\\\\\\\\\\\\000\0\ota\d
=040  \\$aNNU$beng$erda$cNNU
=050  \4$aPL220$b.R37 1877
=100  1\$6880-01$aBelgesay, Mustafa Reşit,$eauthor.
=245  10$6880-02$aZübdet ül-ʻarûż /$cMuṣṭafá Reşît.
=264  \1$6880-03$aIstanbul :$bDârüṭṭabaʻat ül-ʻÂmire,$c1293 [1877]
=300  \\$a92 pages ;$c25 cm.
=336  \\$atext$2rdacontent
=337  \\$aunmediated$2rdamedia
=338  \\$avolume$2rdacarrier
=500  \\$aSpecCol. c. 1 is bound in red leather, has watered silk endpaper and gilded edges. On front cover there are dedicatory inscriptions in Gold Ottoman Turkish and the sultanic seal (tuğra). The inscription in Ottoman Turkish reads: "el-sulṭân ibn el-sulṭân el-sulṭân al-ġâzî 'Abdülḥamîd Ḫân ḥażretlerının ṭaraf-i eşref mulûkânelerinden Vashington'da meclis-i mebʻûs̲an aʻżâʾından musyu Huvit ḥażretlerine ihdâ ettirilmiştir." On the back cover there are dedicatory inscriptions in English and French in gold and the symbol of the Ottoman state. The inscription in English reads: "Gift made by H.I.M. the Sultan Abdul-Hamid II to the honorable A.S. Hewitt[,] member of the House of Representatives in Washington[,] A.H. 1302 - 1884 A.D." The inscription in French reads: "Don fait par S.M.I le Sultan Abdul-Hamid II. a l'honorable M.A.S. Hewitt[,] membre de la Chambre des Representants a Washington[,] A.H. 1032 - 1884 A.D."$5NNU
=500  \\$aSpecCol. c. 1 was a gift of Abram Hewitt to the Library of New York University. Accession number 30481$5NNU
=510  4\$aÖzege, M.S. Eski harflerle,$c23871
=650  \0$aTurkish language$xVersification.
=710  2\$6880-04$aDârüṭṭabaʻat ül-ʻÂmire,$epublisher.
=700  1\$aHewitt, Abram S.$q(Abram Stevens),$d1822-1903,$edonor.$5NNU
=700  0\$aAbdülhamid$bII,$cSultan of the Turks,$d1842-1918.$5NNU
=880  1\$6100-01/$aرشيد, مصطفى.
=880  10$6245-02/$aزبدة العروض.
=880  \1$6264-03/$aاستانبول :$bدار الطباعة العامره,$c1293 [1877]
=880  2\$6710-04/$aدار الطباعة العامره.
=852  0\$aNNU$bBFALE$cFALES$hPL220$i.R37 1877$mNon-circulating$t1

