=LDR  02663cam a2200433 i 4500
=001  004237360
=003  OCoLC
=004  004237360
=005  20161101095915.0
=008  160222s1877\\\\tu\\\\\\\\\\\\000\0\otaod
=010  \\$a2014428705
=035  \\$a(OCoLC)13117317
=040  \\$aCLU$beng$erda$cCLU$dDLC$dOCLCF$dLGG$dOCLCO
=042  \\$alccopycat
=043  \\$aa-tu---$ae-ur---
=050  00$aDR573$b.G5319 1877
=100  1\$aGiacometti, G.,$eauthor.
=240  10$aResponsabilités.$lTurkish
=245  10$6880-01$aMesuliyet /$cmuharriri, J. Cakometi.
=264  \1$6880-02$aIstanbul :$b[s.n.],$c1294 [1877]
=300  \\$a128 pages ;$c24 cm.
=336  \\$atext$btxt$2rdacontent
=337  \\$aunmediated$bn$2rdamedia
=338  \\$avolume$bnc$2rdacarrier
=500  \\$aSpecCol. c. 1 is bound in red leather, has watered silk endpaper and gilded edges. On front cover there are dedicatory inscriptions in Gold Ottoman Turkish and the sultanic seal (tuğra). The inscription in Ottoman Turkish reads: "el-sulṭân ibn el-sulṭân el-sulṭân al-ġâzî 'Abdülḥamîd Ḫân ḥażretlerının ṭaraf-i eşref mulûkânelerinden Vashington'da meclis-i mebʻûs̲an aʻżâʾından musyu Huvit ḥażretlerine ihdâ ettirilmiştir." On the back cover there are dedicatory inscriptions in English and French in gold and the symbol of the Ottoman state. The inscription in English reads: "Gift made by H.I.M. the Sultan Abdul-Hamid II to the honorable A.S. Hewitt[,] member of the House of Representatives in Washington[,] A.H. 1302 - 1884 A.D." The inscription in French reads: "Don fait par S.M.I le Sultan Abdul-Hamid II. a l'honorable M.A.S. Hewitt[,] membre de la Chambre des Representants a Washington[,] A.H. 1032 - 1884 A.D."$5NNU
=500  \\$aSpecCol. c. 1 was a gift of Abram Hewitt to the University of the City of New York. Accession number 8055L$5NNU
=546  \\$aTurkish$bArabic script.
=510  4\$aÖzege, M.S. Eski harflerle,$c13273
=650  \0$aRusso-Turkish War, 1877-1878.
=650  \0$aRussia$xForeign relations$zTurkey.
=651  \0$aTurkey$xForeign relations$zRussia.
=611  27$aRusso-Turkish War$d(1877-1878)$2fast$0(OCoLC)fst01102530
=648  \7$a1877 - 1878.$2fast
=776  08$iOnline version:$aGiacometti, G.$tMesuliyet.$dIstanbul : 1294 [1877]$w(OCoLC)663115282
=700  1\$aHewitt, Abram S.$q(Abram Stevens),$d1822-1903,$edonor.$5NNU
=700  0\$aAbdülhamid$bII,$cSultan of the Turks,$d1842-1918.$5NNU
=880  10$6245-01/$aمسؤليت \$cمحررى ژ. جاقومهتى.
=880  \1$6264-02/$aاستانبول :$a[s.n.],$a1294 [1877]
=852  0\$aNNU$bBFALE$cFALES$hDR573$i.G5319 1877$mNon-circulating$t1

