=LDR  01964cam a2200253 i 4500
=001  004204226
=004  004204226
=005  20161101100156.0
=008  151106s1877\\\\tu\\\\\\\\\\\\000\0\ota\\
=040  \\$aNNU$beng$erda$cNNU
=050  \4$aDR448$b.T35 1877
=245  00$6880-01$aṬâkım talîmî, ḥaṭâ ve ṣevâp cetveli
=264  \1$aIstanbul :$b(unknown publisher),$c1294 [1877].
=300  \\$a45 pages ;$c17 cm
=336  \\$atext$btxt$2rdacontent
=337  \\$aunmediated$bn$2rdamedia
=338  \\$avolume$bnc$2rdacarrier
=500  \\$aSpecCol. c. 1 is bound in red leather, has watered silk endpaper and gilded edges. On front cover there are dedicatory inscriptions in Gold Ottoman Turkish and the sultanic seal (tuğra). The inscription in Ottoman Turkish reads: "el-sulṭân ibn el-sulṭân el-sulṭân al-ġâzî 'Abdülḥamîd Ḫân ḥażretlerının ṭaraf-i eşref mulûkânelerinden Vashington'da meclis-i mebʻûs̲an aʻżâʾından musyu Huvit ḥażretlerine ihdâ ettirilmiştir." On the back cover there are dedicatory inscriptions in English and French in gold and the symbol of the Ottoman state. The inscription in English reads: "Gift made by H.I.M. the Sultan Abdul-Hamid II to the honorable A.S. Hewitt[,] member of the House of Representatives in Washington[,] A.H. 1302 - 1884 A.D." The inscription in French reads: "Don fait par S.M.I le Sultan Abdul-Hamid II. a l'honorable M.A.S. Hewitt[,] membre de la Chambre des Representants a Washington[,] A.H. 1032 - 1884 A.D."$5NNU
=500  \\$aSpecCol. c. 1 was a gift of Abram Hewitt to the University of the City of New York. Accession number 8042L$5NNU
=610  10$aTurkey.$bOrdu$y19th century.
=700  1\$aHewitt, Abram S.$q(Abram Stevens),$d1822-1903,$edonor.$5NNU
=700  0\$aAbdülhamid$bII,$cSultan of the Turks,$d1842-1918.$5NNU
=880  00$6245-01/$aطاقم تعليمى, خطا وصواب جدولى
=852  0\$aNNU$bBFALE$cFALES$hDR448$i.T35 1877$mNon-circulating$t1

