=LDR  02359nam a2200337 i 4500
=001  004222900
=005  20161101100217.0
=007  ta
=008  160111s1877\\\\tu\\\\\\\b\\\\000\0\ota\d
=040  \\$aNNU$beng$erda$cNNU
=043  \\$aa-tu---
=050  \4$aQA459$b.H46 1877
=245  00$6880-01$aHendese-yi resmiye.
=264  \1$6880-02$a[Istanbul] :$bMekteb-i Fünûn-i Ḥarbiye-yi Ḥażret Şâhâne Maṭba'ası,$c1294 [1877]
=300  \\$a2 volumes :$c20 cm.
=336  \\$atext$2rdacontent
=337  \\$aunmediated$2rdamedia
=338  \\$avolume$2rdacarrier
=500  \\$aSpecCol. c. 1 is bound in red leather, has watered silk endpaper and gilded edges. On front cover there are dedicatory inscriptions in Gold Ottoman Turkish and the sultanic seal (tuğra). The inscription in Ottoman Turkish reads: "el-sulṭân ibn el-sulṭân el-sulṭân al-ġazi 'Abdülḥamîd Ḫân ḥażretlerının ṭaraf-i eşref mulûkânelerinden Vashington'da meclis-i mebʻûs̲an aʻżâʾından musyu Huvit ḥażretlerine ihdâ ettirilmiştir." On the back cover there are dedicatory inscriptions in English and French in gold and the symbol of the Ottoman state. The inscription in English reads: "Gift made by H.I.M. the Sultan Abdul-Hamid II to the honorable A.S. Hewitt[,] member of the House of Representatives in Washington[,] A.H. 1302 - 1884 A.D." The inscription in French reads: "Don fait par S.M.I le Sultan Abdul-Hamid II. a l'honorable M.A.S. Hewitt[,] membre de la Chambre des Representants a Washington[,] A.H. 1032 - 1884 A.D."$5NNU
=500  \\$aSpecCol. c. 1 vol. 1 was a gift of Abram Hewitt to the Library of New York University. Accession number 30450$5NNU
=650  \0$aGeometry.
=650  \0$aGeometry$zTurkey$y19th century.
=710  2\$6880-03$aمكتب فنون حربيهٔ حضرت شاهانه مطبعه سى.
=700  1\$aHewitt, Abram S.$q(Abram Stevens),$d1822-1903,$edonor.$5NNU
=700  0\$aAbdülhamid$bII,$cSultan of the Turks,$d1842-1918.$5NNU
=880  00$6245-01/$aهندسهٔ رسميه.
=880  \4$6264-02/$a[Istanbul] :$bمكتب فنون حربيهٔ حضرت شاهانه مطبعه سى,$c1294 [1877]
=880  2\$6710-03/$aMekteb-i Fünûn-i Ḥarbiye-yi Ḥażret Şâhâne Maṭba'ası,$epublisher.
=852  0\$aNNU$bBFALE$cFALES$hQA459$i.H46 1877$mNon-circulating
=853  20$81$av.
=863  \\$81.1$a1

