=LDR  02627nam a2200373 i 4500
=001  004261287
=004  004261287
=005  20160511133307.0
=008  160309s1877\\\\tu\\\\\\\\\\\\000\0\ota\d
=040  \\$aNNU$beng$erda$cNNU
=043  \\$aa-tu---
=050  \4$aPJ6111$b.M54 1877
=100  1\$6880-01$aMihalıçlı Mustafa bin Mustafa,$d-1883,$eauthor.
=245  10$6880-02$aEmsile-yi cedide /$cMihalıcı Mustafa Efendi.
=250  \\$6880-03$aBirinci defe.
=264  \1$6880-04$aİstanbul :$bMektep-i Harbiye-yi Şahane Matbaası,$c1293 [1877]
=300  \\$a41 pages ;$c21 cm.
=336  \\$atext$2rdacontent
=337  \\$aunmediated$2rdamedia
=338  \\$avolume$2rdacarrier
=500  \\$aSpecCol. c. 1 is bound in red leather, has watered silk endpaper and gilded edges. On front cover there are dedicatory inscriptions in Gold Ottoman Turkish and the sultanic seal (tuğra). The inscription in Ottoman Turkish reads: "el-sulṭân ibn el-sulṭân el-sulṭân al-ġâzî 'Abdülḥamîd H̲ân ḥażretlerının ṭaraf-i eşref mulûkânelerinden Vashington'da meclis-i mebʻûs̲an aʻżâʾından musyu Huvit ḥażretlerine ihdâ ettirilmiştir." On the back cover there are dedicatory inscriptions in English and French in gold and the symbol of the Ottoman state. The inscription in English reads: "Gift made by H.I.M. the Sultan Abdul-Hamid II to the honorable A.S. Hewitt[,] member of the House of Representatives in Washington[,] A.H. 1302 - 1884 A.D." The inscription in French reads: "Don fait par S.M.I le Sultan Abdul-Hamid II. a l'honorable M.A.S. Hewitt[,] membre de la Chambre des Representants a Washington[,] A.H. 1032 - 1884 A.D."$5NNU
=500  \\$aSpecCol. c. 1 was a gift of Abram Hewitt to the University of the City of New York. Accession number 8056L$5NNU
=510  4\$aÖzege, M.S. Eski harflerle,$c4909
=650  \0$aArabic language$zTurkey$y19th century.
=650  \0$aArabic language$zTurkey$xTextbooks$y19th century.
=710  2\$6880-05$aMektep-i Harbiye-yi Şahane Matbaası,$epublisher.
=700  1\$aHewitt, Abram S.$q(Abram Stevens),$d1822-1903,$edonor.$5NNU
=700  0\$aAbdülhamid$bII,$cSultan of the Turks,$d1842-1918.$5NNU
=880  1\$6100-01/$aميخالجلى مصطفى بن مصطفى.
=880  10$6245-02/$aامثله جديده \$cميخاليجي مصطفى افندى.
=880  \\$6250-03/$aبرنجى دفعه.
=880  \1$6264-04/$aاستانبول :$bمكتب حربيه شاهانه مطبعهسى,$c1293 [1877]
=880  2\$6710-05/$aمكتب حربيه شاهانه مطبعهسى.
=852  0\$aNNU$bBFALE$cFALES$hPJ6111$i.M54 1877$mNon-circulating$t1

