=LDR  02464nam a2200373 i 4500
=001  004227749
=004  004227749
=005  20161101095940.0
=008  160125s1877\\\\tu\\\\\\\b\\\\000\0\ota\d
=040  \\$aNNU$beng$erda$cNNU
=043  \\$aa-tu---
=050  \4$aU102$b.M87 1877
=100  1\$6880-01$aMustafa Şevket Paşa,$d-1889,$eauthor.
=245  10$6880-02$aFenn-i ḥarp /$cMuṣṭafâ Şevket.
=250  \\$6880-03$aṬabʻ-ı evvel.
=264  \1$6880-04$aIstanbul :$bṢaḥḥâf-ı ʻAskerî,$c1294 [1877]
=300  \\$a2 volumes in 1 :$c22 cm.
=336  \\$atext$2rdacontent
=337  \\$aunmediated$2rdamedia
=338  \\$avolume$2rdacarrier
=500  \\$aSpecCol. c. 1 is bound in red leather, has watered silk endpaper and gilded edges. On front cover there are dedicatory inscriptions in Gold Ottoman Turkish and the sultanic seal (tuğra). The inscription in Ottoman Turkish reads: "el-sulṭân ibn el-sulṭân el-sulṭân al-ġazi 'Abdülḥamîd Ḫân ḥażretlerının ṭaraf-i eşref mulûkânelerinden Vashington'da meclis-i mebʻûs̲an aʻżâʾından musyu Huvit ḥażretlerine ihdâ ettirilmiştir." On the back cover there are dedicatory inscriptions in English and French in gold and the symbol of the Ottoman state. The inscription in English reads: "Gift made by H.I.M. the Sultan Abdul-Hamid II to the honorable A.S. Hewitt[,] member of the House of Representatives in Washington[,] A.H. 1302 - 1884 A.D." The inscription in French reads: "Don fait par S.M.I le Sultan Abdul-Hamid II. a l'honorable M.A.S. Hewitt[,] membre de la Chambre des Representants a Washington[,] A.H. 1032 - 1884 A.D."$5NNU
=500  \\$aSpecCol. c. 1 was a gift of Abram Hewitt to the Library of New York University. Accession number 30449$5NNU
=510  4\$aÖzege, M.S. Eski harflerle,$c5512
=650  \0$aMilitary art and science.
=650  \0$aMilitary art and science$zTurkey$y19th century.
=710  2\$6880-05$aṢaḥḥâf-ı ʻAskerî,$epublisher.
=700  1\$aHewitt, Abram S.$q(Abram Stevens),$d1822-1903,$edonor.$5NNU
=700  0\$aAbdülhamid$bII,$cSultan of the Turks,$d1842-1918.$5NNU
=880  1\$6100-01/$aمصطفى شوكت پاشا.
=880  10$6245-02/$aفن حرب \$cمصطفى شوكت.
=880  \\$6250-03/$aطبع اول.
=880  \1$6264-04/$aاستانبول :$bصحاف عسكرى,$c1294 [1877]
=880  2\$6710-05/$aصحاف عسكرى.
=852  0\$aNNU$bBFALE$cFALES$hU102$i.M87 1877$mNon-circulating$t1

