=LDR  02977nam a2200397 i 4500
=001  004240436
=004  004240436
=005  20161101100047.0
=008  160226s1877\\\\tu\\\\\\\\\\\\000\1\ota\d
=040  \\$aNNU$beng$erda$cNNU
=043  \\$aa-tu---
=050  \4$aPQ2469$b.V69319
=100  1\$aVerne, Jules,$d1828-1905,$eauthor.
=240  10$aVoyages et aventures du capitaine Hatteras : Les Anglais au pôle nord.$lOttoman Turkish.
=245  10$6880-01$aḲapudân Hatterâsʼın sergüẕeşti :$bmuṣavver ḳutb-i şimâlî seyâhatnâmesi /$cJul Vern es̲eridir; mütercimi: Ovḫannes Ġavḳâsyân.
=250  \\$6880-02$aBirinci defʻe olarak.
=264  \1$6880-03$a[Istanbul] :$bH̲odâvendigâr Vilâyeti Maṭbaʻası,$c1294 [1877]
=300  \\$a208 pages :$billustrations ;$c23 cm.
=336  \\$atext$2rdacontent
=337  \\$aunmediated$2rdamedia
=338  \\$avolume$2rdacarrier
=500  \\$anovel.
=500  \\$aSpecCol. c. 1 is bound in red leather, has watered silk endpaper and gilded edges. On front cover there are dedicatory inscriptions in Gold Ottoman Turkish and the sultanic seal (tuğra). The inscription in Ottoman Turkish reads: "el-sulṭân ibn el-sulṭân el-sulṭân al-ġâzî 'Abdülḥamîd Ḫân ḥażretlerının ṭaraf-i eşref mulûkânelerinden Vashington'da meclis-i mebʻûs̲an aʻżâʾından musyu Huvit ḥażretlerine ihdâ ettirilmiştir." On the back cover there are dedicatory inscriptions in English and French in gold and the symbol of the Ottoman state. The inscription in English reads: "Gift made by H.I.M. the Sultan Abdul-Hamid II to the honorable A.S. Hewitt[,] member of the House of Representatives in Washington[,] A.H. 1302 - 1884 A.D." The inscription in French reads: "Don fait par S.M.I le Sultan Abdul-Hamid II. a l'honorable M.A.S. Hewitt[,] membre de la Chambre des Representants a Washington[,] A.H. 1032 - 1884 A.D."$5NNU
=500  \\$aSpecCol. c. 1 was a gift of Abram Hewitt to the University of the City of New York. Accession number 7971L$5NNU
=510  4\$aÖzege, M.S. Eski harflerle,$c10142
=650  \0$aFrench literature$zTurkey$y19th century.
=700  1\$6880-04$aĠavḳāsyān, Ovẖannes,$etranslator.
=710  2\$6880-05$aH̲odâvendigâr Vilâyeti Maṭbaʻası,$epublisher.
=700  1\$aHewitt, Abram S.$q(Abram Stevens),$d1822-1903,$edonor.$5NNU
=700  0\$aAbdülhamid$bII,$cSultan of the Turks,$d1842-1918.$5NNU
=880  10$6245-01/$aقپودان هاتراسك سركذشتى :$bمصور قطب شمالى سياحتنامهسى \$cژول ورن اثريدر؛ مترجمى اوخانس غوقاسيان.
=880  \\$6250-02/$aبرنجى دقعه اولهرق.
=880  \1$6264-03/$a[استانبول[ :$aخداوندكار ولايتى مطبعهسى,$a1294 [1877]
=880  1\$6700-04/$aغوقاسيان, اوخانس.
=880  2\$6710-05/$aخداوندكار ولايتى مطبعهسى.
=852  0\$aNNU$bBFALE$cFALES$hPQ2469$i.V69319$mNon-circulating$t1

