=LDR  02668cam a2200409 i 4500
=001  004234183
=003  OCoLC
=004  004234183
=005  20160330125123.0
=008  160210s1878\\\\tu\\\\\\\\\\\\000\0\otard
=035  \\$a(OCoLC)18850062
=040  \\$aOSU$beng$erda$cOSU$dOCL$dOCLCG$dOCLCQ$dNNU
=050  \4$aPL248.A238$bT37 1878
=100  0\$6880-01$aAbdülhak Hâmit,$d1852-1937,$eauthor.
=245  10$6880-02$aTarık, yahut, Endulus fethi /$cAbdülhak Hâmit.
=246  3\$aTarık
=246  3\$aEndulus fethi
=250  \\$a1. tabı.
=264  \1$a[Place of publication not identified] :$b[publisher not identified],$c1296 [1878 or 1879]
=300  \\$a173 pages ;$c21 cm
=336  \\$atext$btxt$2rdacontent
=337  \\$aunmediated$bn$2rdamedia
=338  \\$avolume$bnc$2rdacarrier
=500  \\$aTurkish in Arabic script.
=500  \\$aDrama.
=500  \\$aSpecCol. c. 1 is bound in red leather, has watered silk endpaper and gilded edges. On front cover there are dedicatory inscriptions in Gold Ottoman Turkish and the sultanic seal (tuğra). The inscription in Ottoman Turkish reads: "el-sulṭân ibn el-sulṭân el-sulṭân al-ġazi 'Abdülḥamîd H̲ân ḥażretlerının ṭaraf-i eşref mulûkânelerinden Vashington'da meclis-i mebʻûs̲an aʻżâʾından musyu Huvit ḥażretlerine ihdâ ettirilmiştir." On the back cover there are dedicatory inscriptions in English and French in gold and the symbol of the Ottoman state. The inscription in English reads: "Gift made by H.I.M. the Sultan Abdul-Hamid II to the honorable A.S. Hewitt[,] member of the House of Representatives in Washington[,] A.H. 1302 - 1884 A.D." The inscription in French reads: "Don fait par S.M.I le Sultan Abdul-Hamid II. a l'honorable M.A.S. Hewitt[,] membre de la Chambre des Representants a Washington[,] A.H. 1032 - 1884 A.D."$5NNU
=500  \\$aSpecCol. c. 1 was a gift of Abram Hewitt to the University of the City of New York. Accession number 8044L$5NNU
=510  4\$aÖzege, M.S. Eski harflerle,$c19732
=650  \0$aAndalusia (Spain)$xIn literature$y19th century.
=650  \0$aAndalusia (Spain)$xIn literature.
=776  08$iOnline version:$aAbdülhak Hâmit, 1852-1937.$tTarık, yahut, Endulus fethi.$b1. tabı.$d[S.l. : s.n.], 1296 [1878 or 1879]$w(OCoLC)889640647
=700  1\$aHewitt, Abram S.$q(Abram Stevens),$d1822-1903,$edonor.$5NNU
=700  0\$aAbdülhamid$bII,$cSultan of the Turks,$d1842-1918.$5NNU
=880  1\$6100-01/$aعبد الحق حامد.
=880  10$6245-02/$aطارق, ياخود, اندلس فتحى \$cعبد الحق حامد.
=852  0\$aNNU$bBFALE$cFALES$hPL248.A238$iT37 1878$mNon-circulating$t1
=994  \\$aZ0$bZYU

