=LDR  03727cam a2200553 a 4500
=001  004226979
=003  OCoLC
=004  004226979
=005  20161101100244.0
=008  160121s1878\\\\tu\\\\\\\\\\\\000\0\otaod
=010  \\$a2015377128
=035  \\$a(OCoLC)18034426
=040  \\$aCLU$beng$erda$cCLU$dDLC$dOCLCF$dOCLCO$dOCL$dNNU
=041  1\$aota$hara
=042  \\$alccopycat
=043  \\$aff-----$aaw-----$ae-sp---
=050  00$aJC393.A3$bA2819 1879
=100  0\$6880-01$aAbū Ḥammū$bII,$cSultan of the Central Maghrib,$d1323-1389.
=240  10$6880-02$aWāsiṭat al-sulūk fī siyāsat al-mulūk.$lTurkish
=245  10$6880-03$aVâsiṭat al-sülûk fi siyâset il-mülûk /$cAbû Ḥammû Musá ; eser-i Raḥmî Giridî.
=264  \1$6880-04$a[Izmir] :$bAydın Vilâyeti Celîlesi Maṭbaʻası,$c1296 [1878]
=300  \\$a205 pages ;$c21 cm.
=336  \\$atext$btxt$2rdacontent
=337  \\$aunmediated$bn$2rdamedia
=338  \\$avolume$bnc$2rdacarrier
=546  \\$aTurkish$bArabic script.
=500  \\$aSpecCol. c. 1 is bound in red leather, has watered silk endpaper and gilded edges. On front cover there are dedicatory inscriptions in Gold Ottoman Turkish and the sultanic seal (tuğra). The inscription in Ottoman Turkish reads: "el-sulṭân ibn el-sulṭân el-sulṭân al-ġazi 'Abdülḥamîd Ḫân ḥażretlerının ṭaraf-i eşref mulûkânelerinden Vashington'da meclis-i mebʻûs̲an aʻżâʾından musyu Huvit ḥażretlerine ihdâ ettirilmiştir." On the back cover there are dedicatory inscriptions in English and French in gold and the symbol of the Ottoman state. The inscription in English reads: "Gift made by H.I.M. the Sultan Abdul-Hamid II to the honorable A.S. Hewitt[,] member of the House of Representatives in Washington[,] A.H. 1302 - 1884 A.D." The inscription in French reads: "Don fait par S.M.I le Sultan Abdul-Hamid II. a l'honorable M.A.S. Hewitt[,] membre de la Chambre des Representants a Washington[,] A.H. 1032 - 1884 A.D."$5NNU
=500  \\$aSpecCol. c. 1 was a gift of Abram Hewitt to the University of the City of New York. Accession number 7951L$5NNU
=510  4\$aÖzege, M.S. Eski harflerle,$c22520
=650  \0$aKings and rulers$xDuties$vEarly works to 1800.
=650  \0$aPolitical ethics$vEarly works to 1800.
=651  \0$aIslamic Empire$xKings and rulers$xEducation$vEarly works to 1800.
=650  \7$aEducation of princes.$2fast$0(OCoLC)fst00902875
=650  \7$aKings and rulers$xDuties.$2fast$0(OCoLC)fst00987703
=650  \7$aPolitical ethics.$2fast$0(OCoLC)fst01069286
=651  \7$aIslamic Empire.$2fast$0(OCoLC)fst01244134
=655  \7$aEarly works.$2fast$0(OCoLC)fst01411636
=700  0\$aRahmî Giridî.
=710  2\$6880-05$aAydın Vilâyeti Celîlesi Maṭbaʻası,$epublisher.
=776  08$iOnline version:$aAbū Ḥammū II, Sultan of the Central Maghrib, 1323-1389.$sWāsiṭat al-sulūk fī siyāsat al-mulūk. Turkish.$tVasitat al-sülûk fi siyaset il-mülûk.$d[Izmir] : Aydın Vilayeti Celilesi Matbaası, 1296 [1878]$w(OCoLC)906417382
=700  1\$aHewitt, Abram S.$q(Abram Stevens),$d1822-1903,$edonor.$5NNU
=700  0\$aAbdülhamid$bII,$cSultan of the Turks,$d1842-1918.$5NNU
=880  1\$6100-01/$aابو حمو.
=880  10$6240-02/$aواسطة السلوك في سياسة الملوك.
=880  10$6245-03/$aواسطة السلوك في سياسة الملوك \$cابو حمو موسى؛ اثر رحمى كريدى.
=880  \1$6264-04/$a]ازمير :]$bايدينن ولايت جليلهسى مطبعهسى,$c1296 [1878]
=880  2\$6710-05/$aايدينن ولايت جليلهسى مطبعهسى.
=852  0\$aNNU$bBFALE$cFALES$hJC393.A3$iA2819 1879$mNon-circulating$t1
=994  \\$aZ0$bZYU

