=LDR  03063cam a22004455a 4500
=001  004227209
=003  OCoLC
=004  004227209
=005  20161101100307.0
=008  160122s1878\\\\tu\\\\\\\\\\\\000\1\ota\d
=035  \\$a(OCoLC)25346795
=040  \\$aPUL$beng$cPUL$dOCL$dOCLCQ$dOCLCF$dOCLCO$dOCLCQ
=041  1\$aota$hfre
=043  \\$ae-sp---
=050  \4$aPQ2445.S8$bF6419 1878
=100  1\$aFéréal. V. de.
=240  10$aMystères de l'Inquisition et autres sociétés secrétes d'Espagne.$lOttoman Turkish
=245  10$6880-01$aEngizisyon esrârı /$cmütercimi Ḥ. Nâẓım.
=250  \\$6880-02$a1ci defa.
=264  \1$6880-03$aİstanbul :$bḤâcî ʻİzzet Efendiʼnin Maṭbaʻası,$c1296 [1878 or 1879]
=300  \\$a733 pages ;$c19 cm
=336  \\$atext$btxt$2rdacontent
=337  \\$aunmediated$bn$2rdamedia
=338  \\$avolume$bnc$2rdacarrier
=500  \\$aTranslation of: Mystères de l'Inquisition et autres sociétés secrétes d'Espagne.
=500  \\$aSpecCol. c. 1 is bound in red leather, has watered silk endpaper and gilded edges. On front cover there are dedicatory inscriptions in Gold Ottoman Turkish and the sultanic seal (tuğra). The inscription in Ottoman Turkish reads: "el-sulṭân ibn el-sulṭân el-sulṭân al-ġazi 'Abdülḥamîd Ḫân ḥażretlerının ṭaraf-i eşref mulûkânelerinden Vashington'da meclis-i mebʻûs̲an aʻżâʾından musyu Huvit ḥażretlerine ihdâ ettirilmiştir." On the back cover there are dedicatory inscriptions in English and French in gold and the symbol of the Ottoman state. The inscription in English reads: "Gift made by H.I.M. the Sultan Abdul-Hamid II to the honorable A.S. Hewitt[,] member of the House of Representatives in Washington[,] A.H. 1302 - 1884 A.D." The inscription in French reads: "Don fait par S.M.I le Sultan Abdul-Hamid II. a l'honorable M.A.S. Hewitt[,] membre de la Chambre des Representants a Washington[,] A.H. 1032 - 1884 A.D."$5NNU
=500  \\$aSpecCol. c. 1 was a gift of Abram Hewitt to the University of the City of New York. Accession number 8003L$5NNU
=510  4\$aÖzege, M.S. Eski harflerle,$c4964
=650  \0$aInquisition$zSpain$vFiction.
=650  \7$aInquisition.$2fast$0(OCoLC)fst00973796
=651  \7$aSpain.$2fast$0(OCoLC)fst01204303
=655  \7$aFiction.$2fast$0(OCoLC)fst01423787
=776  08$iOnline version:$aFéréal. V. de.$sMystères de l'Inquisition et autres sociétés secrétes d'Espagne. Ottoman Turkish.$tEngizisyon esrarı.$b1ci defa.$dİstanbul : Hacı İzzet Efendiʼnin Matbaası, 1296 [1878 or 1879]$w(OCoLC)657471040
=700  1\$aHewitt, Abram S.$q(Abram Stevens),$d1822-1903,$edonor.$5NNU
=700  0\$aAbdülhamid$bII,$cSultan of the Turks,$d1842-1918.$5NNU
=880  10$6245-01/$aاينكيزسيون اسرارى \$cمترجمى ح. ناظم.
=880  \\$6250-02/$aبرنجى دفعه.
=880  \1$6264-03/$aاستانبول :$bحاجى عزت افندى مطبعهسى,$c1296 [1878 or 1879]
=852  0\$aNNU$bBFALE$cFALES$hPQ2445.S8$iF6419 1878$mNon-circulating$t1
=994  \\$aZ0$bZYU

