=LDR  03663cas a22006135i 4500
=001  004236364
=003  OCoLC
=005  20161101100605.0
=007  ta
=007  ta
=008  160218d18781882tu\uu\\\r\\\\\0\\\\0ota\d
=035  \\$a(OCoLC)40373375
=040  \\$aCGU$beng$erda$cCGU$dOCLCQ$dOCLCF$dOCL$dOCLCO$dNNU
=043  \\$aa-tu---
=050  \4$aDR470$b.M83 1878
=245  00$6880-01$aMuahedat mecmuası.
=264  \1$6880-02$a[Istanbul] :$aCerîde-yi 'Askeriye Maṭba'ası,$a1294-1298 [1878-1882].
=300  \\$a5 volumes :$c21 cm.
=336  \\$atext$2rdacontent
=337  \\$aunmediated$2rdamedia
=338  \\$avolume$2rdacarrier
=500  \\$aSpecCol. c. 1 is bound in red leather, has watered silk endpaper and gilded edges. On front cover there are dedicatory inscriptions in Gold Ottoman Turkish and the sultanic seal (tuğra). The inscription in Ottoman Turkish reads: "el-sulṭân ibn el-sulṭân el-sulṭân al-ġâzî 'Abdülḥamîd Ḫân ḥażretlerının ṭaraf-i eşref mulûkânelerinden Vashington'da meclis-i mebʻûs̲an aʻżâʾından musyu Huvit ḥażretlerine ihdâ ettirilmiştir." On the back cover there are dedicatory inscriptions in English and French in gold and the symbol of the Ottoman state. The inscription in English reads: "Gift made by H.I.M. the Sultan Abdul-Hamid II to the honorable A.S. Hewitt[,] member of the House of Representatives in Washington[,] A.H. 1302 - 1884 A.D." The inscription in French reads: "Don fait par S.M.I le Sultan Abdul-Hamid II. a l'honorable M.A.S. Hewitt[,] membre de la Chambre des Representants a Washington[,] A.H. 1032 - 1884 A.D."$5NNU
=500  \\$aSpecCol. c. 2 vol. 1 was a gift of Abram Hewitt to the Library of New York University. Accession number 7991L$5NNU
=500  \\$aSpecCol. c. 2 vol. 2 was a gift of Abram Hewitt to the Library of New York University. Accession number 7877L$5NNU
=500  \\$aSpecCol. c. 1 vol. 3 c. 1 was a gift of Abram Hewitt to the Library of New York University. Accession number 30448.$5NNU
=500  \\$aSpecCol. c. 2 vol. 3 was a gift of Abram Hewitt to the Library of the University of the City of New York. Accession number 7879L.$5NNU
=500  \\$aSpecCol. c. 1 vol. 4 was a gift of Abram Hewitt to the Library of New York University. Accession number 30492.$5NNU
=500  \\$aSpecCol. c. 1 vol. 5 c. 1 was a gift of Abram Hewitt to the Library of New York University. Accession number 30498.$5NNU
=500  \\$aSpecCol. c. 2 vol. 5 was a gift of Abram Hewitt to the Library of New York University. Accession number 7835L$5NNU
=510  4\$aÖzege, M.S. Eski harflerle,$c13883
=651  \0$aTurkey$xForeign relations$vTreaties.
=650  \7$aDiplomatic relations.$2fast$0(OCoLC)fst01907412
=651  \7$aTurkey.$2fast$0(OCoLC)fst01208963
=655  \7$aTreaties.$2fast$0(OCoLC)fst01423868
=710  1\$aTurkey.$tTreaties, etc.
=776  08$iOnline version:$tMuahedat mecmuası$w(OCoLC)682867434
=700  1\$aHewitt, Abram S.$q(Abram Stevens),$d1822-1903,$edonor.$5NNU
=700  0\$aAbdülhamid$bII,$cSultan of the Turks,$d1842-1918.$5NNU
=880  00$6245-01/$aمعاهدات مجموعهسى.
=880  \1$6264-02/$a[ استانبول[:$aجريدهٔ عسكريه مطبعهسى,$a1294-1298 [1878-1882]
=852  0\$aNNU$bBFALE$cFALES$hDR470$i.M83 1878$mNon-circulating
=853  00$81$av.
=863  \\$81.1$a3
=863  \\$81.2$a4
=863  \\$81.3$a5
=863  \\$81,4$a5
=852  0\$aNNU$bBFALE$cFALES$hDR470$i.M83 1878$mNon-circulating
=853  00$81$av.
=863  \\$81.1$a1
=863  \\$81.2$a2
=863  \\$81.3$a3
=863  \\$81.4$a4
=863  \\$81.5$a5
=994  \\$aZ0$bZYU

