=LDR  02291nam a2200301 i 4500
=001  004259783
=004  004259783
=005  20161101100628.0
=008  160304s1878\\\\tu\\\\\\\\\\\\000\0\ota\d
=040  \\$aNNU$beng$erda$cNNU
=043  \\$aa-tu---
=050  \4$aDR448$b.B3745 1878
=245  00$6880-01$aBârgîr üstünde ṭâḳım taʻlîmi.
=264  \1$6880-02$a[Istanbul] :$bMektep-i Fünûn-i Ḥarbiye-yi Ḥażret Şâhâne Maṭbaʻası,$c1294 [Rumi, 1878]
=300  \\$a285 pages ;$c13 cm.
=336  \\$atext$2rdacontent
=337  \\$aunmediated$2rdamedia
=338  \\$avolume$2rdacarrier
=500  \\$aTitle from page 2.
=500  \\$aSpecCol. c. 1 is bound in red leather, has watered silk endpaper and gilded edges. On front cover there are dedicatory inscriptions in Gold Ottoman Turkish and the sultanic seal (tuğra). The inscription in Ottoman Turkish reads: "el-sulṭân ibn el-sulṭân el-sulṭân al-ġâzî 'Abdülḥamîd Ḫân ḥażretlerının ṭaraf-i eşref mulûkânelerinden Vashington'da meclis-i mebʻûs̲an aʻżâʾından musyu Huvit ḥażretlerine ihdâ ettirilmiştir." On the back cover there are dedicatory inscriptions in English and French in gold and the symbol of the Ottoman state. The inscription in English reads: "Gift made by H.I.M. the Sultan Abdul-Hamid II to the honorable A.S. Hewitt[,] member of the House of Representatives in Washington[,] A.H. 1302 - 1884 A.D." The inscription in French reads: "Don fait par S.M.I le Sultan Abdul-Hamid II. a l'honorable M.A.S. Hewitt[,] membre de la Chambre des Representants a Washington[,] A.H. 1032 - 1884 A.D."$5NNU
=500  \\$aSpecCol. c. 1 was a gift of Abram Hewitt to the Library of the University of the City of New York. Accession number 7898L$5NNU
=650  \0$aMilitary art and science$zTurkey$y19th century.
=610  10$aTurkey.$bOrdu$xHistory$y19th century.
=700  1\$aHewitt, Abram S.$q(Abram Stevens),$d1822-1903,$edonor.$5NNU
=700  0\$aAbdülhamid$bII,$cSultan of the Turks,$d1842-1918.$5NNU
=880  00$6245-01/$aباركير اوستنده طاقم تعليمى.
=880  \1$6264-02/$a] استانبول] :$bمكتب فنون حربيه حضرت شاهانه مطبعهسى,$c1294 [Rumi, 1881]
=852  0\$aNNU$bBFALE$cFALEF$hDR448$i.B3745 1878$mNon-circulating$t1

