=LDR  02571nam a2200385 i 4500
=001  004240430
=005  20161101100354.0
=007  ta
=008  160226s1878\\\\tu\\\\\\\\\\\\000\1\ota\d
=040  \\$aNNU$beng$erda$cNNU
=043  \\$aa-tu---
=050  \4$aPQ2318$b.G8719 1889
=100  1\$aKock, Charles Paul de,$d1793-1831,$eauthor.
=240  10$aGustave, ou, Le mauvais sujet.$lOttoman Turkish.
=245  10$6880-01$aGüstav /$cmuḥarriri, Şarl Pol dö Kok ; mütercimi, P.H.
=264  \1$6880-02$aIstanbul :$bSüleymân Efendi Maṭbaʻası,$csene-yi şemsiye 1294 [1878 or 1879]
=300  \\$aVolumes ;$c24 cm.
=336  \\$atext$2rdacontent
=337  \\$aunmediated$2rdamedia
=338  \\$avolume$2rdacarrier
=500  \\$aNovel.
=500  \\$aTranslation of: Gustave, ou, Le mauvais sujet.
=500  \\$aSpecCol. c. 1 is bound in red leather, has watered silk endpaper and gilded edges. On front cover there are dedicatory inscriptions in Gold Ottoman Turkish and the sultanic seal (tuğra). The inscription in Ottoman Turkish reads: "el-sulṭân ibn el-sulṭân el-sulṭân al-ġâzî 'Abdülḥamîd Ḫân ḥażretlerının ṭaraf-i eşref mulûkânelerinden Vashington'da meclis-i mebʻûs̲an aʻżâʾından musyu Huvit ḥażretlerine ihdâ ettirilmiştir." On the back cover there are dedicatory inscriptions in English and French in gold and the symbol of the Ottoman state. The inscription in English reads: "Gift made by H.I.M. the Sultan Abdul-Hamid II to the honorable A.S. Hewitt[,] member of the House of Representatives in Washington[,] A.H. 1302 - 1884 A.D." The inscription in French reads: "Don fait par S.M.I le Sultan Abdul-Hamid II. a l'honorable M.A.S. Hewitt[,] membre de la Chambre des Representants a Washington[,] A.H. 1032 - 1884 A.D."$5NNU
=500  \\$aSpecCol. c. 1 was a gift of Abram Hewitt to the University of the City of New York. Accession number 7806L$5NNU
=510  4\$aÖzege, M.S. Eski harflerle,$c6474
=650  \0$aFrench literature$zTurkey$y19th century.
=700  0\$6880-03$aP. H.,$etranslator.
=700  1\$aHewitt, Abram S.$q(Abram Stevens),$d1822-1903,$edonor.$5NNU
=700  0\$aAbdülhamid$bII,$cSultan of the Turks,$d1842-1918.$5NNU
=880  10$6245-01/$aكوستاو \$cمحررى شارل پول دوقوق؛ مترجمى پ.خ.
=880  \1$6264-02/$aاستانبول :$bسليمان افندى مطبعهسى,$cسنهٔ شمسيه 1294 [1878 or 1879[
=880  0\$6700-03/$aپ.خ
=852  0\$aNNU$bBFALE$cFALES$hPQ2318$i.G8719 1889$mNon-circulating
=853  20$81$av.
=863  \\$81.1$a1

