=LDR  02562nam a2200325 i 4500
=001  004222954
=004  004222954
=005  20161101100412.0
=008  160111s1878\\\\tu\\\\\\\b\\\\000\f\ota\d
=040  \\$aNNU$beng$erda$cNNU
=043  \\$aa-tu---
=050  \4$aPQ2337.L6$bF55187 1878
=100  1\$aLermina, Jules,$d1839-1915,$eauthor.
=245  10$6880-01$aLord Hop :$bFransız münşî-yi meşhûr Aleksander Duma'nın Monte Kristo nâmdaki hikâye-yi meşhûresine zeyldir /$cmütercimi Vasilaki.
=264  \1$6880-02$a[Istanbul] :$bMihran,$c1295 [1878]
=300  \\$a352 pages ;$c31 cm.
=336  \\$atext$2rdacontent
=337  \\$aunmediated$2rdamedia
=338  \\$avolume$2rdacarrier
=500  \\$aSpecCol. c. 1 is bound in red leather, has watered silk endpaper and gilded edges. On front cover there are dedicatory inscriptions in Gold Ottoman Turkish and the sultanic seal (tuğra). The inscription in Ottoman Turkish reads: "el-sulṭân ibn el-sulṭân el-sulṭân al-ġazi 'Abdülḥamîd Ḫân ḥażretlerının ṭaraf-i eşref mulûkânelerinden Vashington'da meclis-i mebʻûs̲an aʻżâʾından musyu Huvit ḥażretlerine ihdâ ettirilmiştir." On the back cover there are dedicatory inscriptions in English and French in gold and the symbol of the Ottoman state. The inscription in English reads: "Gift made by H.I.M. the Sultan Abdul-Hamid II to the honorable A.S. Hewitt[,] member of the House of Representatives in Washington[,] A.H. 1302 - 1884 A.D." The inscription in French reads: "Don fait par S.M.I le Sultan Abdul-Hamid II. a l'honorable M.A.S. Hewitt[,] membre de la Chambre des Representants a Washington[,] A.H. 1032 - 1884 A.D."$5NNU
=500  \\$aSpecCol. c. 1 was a gift of Abram Hewitt to the University of the City of New York. Accession number 7825L$5NNU
=510  4\$aÖzege, M.S. Eski harflerle,$c11747
=650  \0$aFrench literature$zTurkey$y19th century.
=700  1\$aDumas, Alexandre,$d1802-1870.$tComte de Monte-Cristo.
=700  1\$aLermina, Jules,$d1839-1915.$tFils de Monte-Cristo.$lOttoman Turkish.
=700  1\$aHewitt, Abram S.$q(Abram Stevens),$d1822-1903,$edonor.$5NNU
=700  0\$aAbdülhamid$bII,$cSultan of the Turks,$d1842-1918.$5NNU
=880  10$6245-01/$aلورد هوپ :$bفرانسز منشي مشهور آلكسندر دومانك مونته قرستو نامدهكي حكايهٔ مشهورهسنه ذيلدر \$cمترجمي واسيلاكي.
=880  \1$6264-02/$a[ استانبول[:$bمهران,$c1295 [1878]
=852  0\$aNNU$bBFALE$cFALES$hPQ2337.L6$iF55187 1878$mNon-circulating$t1

