=LDR  02515nam a2200385 i 4500
=001  004231332
=004  004231332
=005  20161101100457.0
=008  160201s1878\\\\tu\\\\\\\\\\\\000\0\ota\d
=040  \\$aNNU$beng$erda$cNNU
=043  \\$aa-tu---
=050  \4$aPK6239.5.T9$bM44 1878
=100  0\$6880-01$aMehmet Siret,$eauthor.
=245  10$6880-02$aGevher-i sencide.
=264  \1$6880-03$a[Istanbul] :$bMektep-i Fünûn-i Ḥarbiye-yi Şâhâne,$c1295 [1878]
=300  \\$a36 pages ;$c17 cm.
=336  \\$atext$2rdacontent
=337  \\$aunmediated$2rdamedia
=338  \\$avolume$2rdacarrier
=500  \\$aSpecCol. c. 1 is bound in red leather, has watered silk endpaper and gilded edges. On front cover there are dedicatory inscriptions in Gold Ottoman Turkish and the sultanic seal (tuğra). The inscription in Ottoman Turkish reads: "el-sulṭân ibn el-sulṭân el-sulṭân al-ġazi 'Abdülḥamîd Ḫân ḥażretlerının ṭaraf-i eşref mulûkânelerinden Vashington'da meclis-i mebʻûs̲an aʻżâʾından musyu Huvit ḥażretlerine ihdâ ettirilmiştir." On the back cover there are dedicatory inscriptions in English and French in gold and the symbol of the Ottoman state. The inscription in English reads: "Gift made by H.I.M. the Sultan Abdul-Hamid II to the honorable A.S. Hewitt[,] member of the House of Representatives in Washington[,] A.H. 1302 - 1884 A.D." The inscription in French reads: "Don fait par S.M.I le Sultan Abdul-Hamid II. a l'honorable M.A.S. Hewitt[,] membre de la Chambre des Representants a Washington[,] A.H. 1032 - 1884 A.D."$5NNU
=500  \\$aSpecCol. c. 1 vol. 1 has a gift of Abram Hewitt to the Library of the University of the City of New York. Accession number 8033L$5NNU
=510  4\$aÖzege, M.S. Eski harflerle,$c6199
=650  \0$aPersian language.
=650  \0$aPersian language$xTextbooks for foreign speakers.
=650  \0$aPersian language$zTurkey$y19th centuryç.
=700  1\$6880-04$aMeḥmet Ḥâliṣ,$eauthor.
=700  0\$6880-05$aMehmet Salih.
=700  1\$aHewitt, Abram S.$q(Abram Stevens),$d1822-1903,$edonor.$5NNU
=700  0\$aAbdülhamid$bII,$cSultan of the Turks,$d1842-1918.$5NNU
=880  1\$6100-01/$aمحمد سيرت.
=880  10$6245-02/$aكوهر سنجيده.
=880  \1$6264-03/$a]استانبول ]:$bمكتب فنون حربيه شاهانه,$c1295 [1878]
=880  1\$6700-04/$aمحمد حالص.
=880  1\$6700-05/$aمحمد صالح.
=852  0\$aNNU$bBFALE$cFALEF$hPK6239.5.T9$iM44 1878$mNon-circulating$t1

