=LDR  02981nam a2200361 i 4500
=001  004273681
=004  004273681
=005  20160415161645.0
=008  160415s1878\\\\tu\\\\\\\b\\\\000\0\ara\d
=040  \\$aNNU$beng$erda$cNNU
=050  \4$aKBP440.3$b.M84 1878
=100  0\$6880-01$aMuḥammad Ṣiddīq Ḥasan,$cNawab of Bhopal,$d1832-1890,$eauthor.
=245  10$6880-02$aḤuṣūl al-maʼmūl min ʻilm al-uṣūl /$ctaʼlīf Muḥammad Ṣiddīq Ḥasan Khān Bahādur Nawāb Bahūpāl.
=246  3\$6880-03$aKitāb Ḥuṣūl al-maʼmūl min ʻilm al-uṣūl
=264  \1$6880-04$aal-Qusṭanṭīnīyah :$bMaṭbaʻat al-Jawāʼib,$c1296 [1878 or 1879]
=300  \\$a6, 214 pages ;$c23 cm.
=336  \\$atext$2rdacontent
=337  \\$aunmediated$2rdamedia
=338  \\$avolume$2rdacarrier
=500  \\$aSpecCol. c. 1 is bound in red leather, has watered silk endpaper and gilded edges. On front cover there are dedicatory inscriptions in Gold Ottoman Turkish and the sultanic seal (tuğra). The inscription in Ottoman Turkish reads: "el-sulṭân ibn el-sulṭân el-sulṭân al-ġâzî 'Abdülḥamîd H̲ân ḥażretlerının ṭaraf-i eşref mulûkânelerinden Vashington'da meclis-i mebʻûs̲an aʻżâʾından musyu Huvit ḥażretlerine ihdâ ettirilmiştir." On the back cover there are dedicatory inscriptions in English and French in gold and the symbol of the Ottoman state. The inscription in English reads: "Gift made by H.I.M. the Sultan Abdul-Hamid II to the honorable A.S. Hewitt[,] member of the House of Representatives in Washington[,] A.H. 1302 - 1884 A.D." The inscription in French reads: "Don fait par S.M.I le Sultan Abdul-Hamid II. a l'honorable M.A.S. Hewitt[,] membre de la Chambre des Representants a Washington[,] A.H. 1032 - 1884 A.D."$5NNU
=500  \\$aSpecCol. c. 1 was a gift of Abram Hewitt to the Library of the University of the City of New York. Accession number 7801L$5NNU
=504  \\$aIncludes bibliographical references.
=650  \0$aIslamic law$xInterpretation and construction$y19th century.
=700  1\$aHewitt, Abram S.$q(Abram Stevens),$d1822-1903,$edonor.$5NNU
=700  0\$aAbdülhamid$bII,$cSultan of the Turks,$d1842-1918.$5NNU
=710  2\$6880-05$aMaṭbaʻat al-Jawāʼib.
=776  08$iOnline version:$aMuḥammad Ṣiddīq Ḥasan, Nawab of Bhopal, 1832-1890.$tḤuṣūl al-maʼmūl min ʻilm al-uṣūl.$dal-Qusṭanṭīnīyah : Maṭbaʻat al-Jawāʼib, 1296 [1878 or 1879]$w(OCoLC)903243931
=880  1\$6100-01/$aمحمد صديق خان,$d1832-1890.
=880  10$6245-02/$aحصول المأمول من علم الاصول \$cتأليف محمد صديق حسن خان بهادر نواب بهوپال.
=880  3\$6246-03/$aكتاب حصول المأمول من علم الاصول
=880  \1$6264-04/$aالقسطنطنية :$bمطبعة الجوائب,$c1296 [1878 or 1879]
=880  2\$6710-05/$aمطبعة الجوائب.
=852  0\$aNNU$bBFALE$cFALES$hKBP440.3$i.M84 1878$mNon-circulating$t1

