=LDR  03223cam a2200445 a 4500
=001  004276498
=003  OCoLC
=004  004276498
=005  20160422154658.0
=008  160422s1878\\\\tu\\\\\\\\\\\\000\0\ara\\
=010  \\$ane 67000069
=035  \\$a(OCoLC)11511343
=040  \\$aDLC$beng$cWAU$dWAU$dOCLCG$dIUL$dLGG$dHLS$dOCLCF$dOCLCQ$dOCLCO
=050  04$aPJ7848.S5$bN3 1878
=066  \\$c(3$c(4
=100  0\$6880-01$aMuḥammad Ṣiddīq Ḥasan,$cNawab of Bhopal,$d1832-1890.
=245  10$6880-02$aNashwat al-sakrān min ṣahbāʼ tadhkār al-ghizlān /$ctaʼlīf al-Nawwāb Muḥammad Ṣiddīq Ḥasan Khān.
=260  \\$6880-03$aal-Qusṭanṭīnīyah :$bMaṭbaʻat al-Jawāʼib,$c1296 [1878 or 1879]
=300  \\$a112 pages ;$c21 cm
=336  \\$atext$btxt$2rdacontent
=337  \\$aunmediated$bn$2rdamedia
=338  \\$avolume$bnc$2rdacarrier
=500  \\$aSpecCol. c. 1 is bound in red leather, has watered silk endpaper and gilded edges. On front cover there are dedicatory inscriptions in Gold Ottoman Turkish and the sultanic seal (tuğra). The inscription in Ottoman Turkish reads: "el-sulṭân ibn el-sulṭân el-sulṭân al-ġâzî 'Abdülḥamîd H̲ân ḥażretlerının ṭaraf-i eşref mulûkânelerinden Vashington'da meclis-i mebʻûs̲an aʻżâʾından musyu Huvit ḥażretlerine ihdâ ettirilmiştir." On the back cover there are dedicatory inscriptions in English and French in gold and the symbol of the Ottoman state. The inscription in English reads: "Gift made by H.I.M. the Sultan Abdul-Hamid II to the honorable A.S. Hewitt[,] member of the House of Representatives in Washington[,] A.H. 1302 - 1884 A.D." The inscription in French reads: "Don fait par S.M.I le Sultan Abdul-Hamid II. a l'honorable M.A.S. Hewitt[,] membre de la Chambre des Representants a Washington[,] A.H. 1032 - 1884 A.D."$5NNU
=500  \\$aSpecCol. c. 1 was a gift of Abram Hewitt to the Library of New York University. Accession number 30457.$5NNU
=650  \0$aLove poetry, Arabic.
=650  \0$aLove$xPsychological aspects.
=650  \0$aLove poetry, Arabic$xHistory and criticism.
=650  \7$aLove poetry, Arabic.$2fast$0(OCoLC)fst01002824
=650  \7$aLove$xPsychological aspects.$2fast$0(OCoLC)fst01002780
=655  \7$aCriticism, interpretation, etc.$2fast$0(OCoLC)fst01411635
=700  1\$aHewitt, Abram S.$q(Abram Stevens),$d1822-1903,$edonor.$5NNU
=700  0\$aAbdülhamid$bII,$cSultan of the Turks,$d1842-1918.$5NNU
=710  2\$6880-04$aMaṭbaʻat al-Jawāʼib.
=776  08$iOnline version:$aMuḥammad Ṣiddīq Ḥasan, Nawab of Bhopal, 1832-1890.$tNashwat al-sakrān min ṣahbāʼ tadhkār al-ghizlān.$dal-Qusṭanṭīnīyah : Maṭbaʻat al-Jawāʼib, 1296 [1878 or 1879]$w(OCoLC)756718302
=880  0\$6100-01/$aمحمد صديق حسن،$cنواب بوپال،,$d1832-1890.
=880  10$6245-02/$aنشوة السكران من صهباء تذكار الغزلان /$cتأليف النواب محمد صديق حسن خان.
=880  \\$6260-03/$aالقسطنطينية :$bمطبعة الجوائب،$c1296 [1878 or 1879]
=880  2\$6710-04/$aمطبعة الجوائب.
=852  0\$aNNU$bBFALE$cFALES$hPJ7848.S5$iN3 1878$mNon-circulating$t1
=994  \\$aZ0$bZYU

