=LDR  03031cam a2200445 i 4500
=001  004236443
=003  OCoLC
=004  004236443
=005  20160218160948.0
=008  160218s1878\\\\tu\\\\\\\\\\\\000\0\otaod
=010  \\$a2011532100
=035  \\$a(OCoLC)11436027$z(OCoLC)837524184
=040  \\$aWAU$beng$erda$cWAU$dDLC$dUKSMC$dOCLCF$dOCLCQ$dNNU
=042  \\$alccopycat
=050  \4$aPL248.S2763$bA17 1878
=051  \\$aPL248$b.S2763 1878 Copy 2$cKarl Süssheim Collection, no. 432. Bound with other titles.
=066  \\$c(3
=100  1\$aSabri, Mehmet Şerif,$d-1645,$eauthor.
=240  10$aPoems
=245  10$6880-01$aDivan-i Ṣabri Şakir :$bNefʻi'iyle muasır bir şair olup Sultan Murad Rabi'in ahas nedmasından idi.
=250  \\$aDefa-i 1. olarak.
=264  \1$6880-02$aİstanbul :$bel-Cevaib Matbaası,$c1296 [1878 or 1879]
=300  \\$a163 pages ;$c21 cm
=336  \\$atext$2rdacontent
=337  \\$aunmediated$2rdamedia
=338  \\$avolume$2rdacarrier
=546  \\$aTurkish;$bArabic script.
=500  \\$aSpecCol. c. 1 is bound in red leather, has watered silk endpaper and gilded edges. On front cover there are dedicatory inscriptions in Gold Ottoman Turkish and the sultanic seal (tuğra). The inscription in Ottoman Turkish reads: "el-sulṭân ibn el-sulṭân el-sulṭân al-ġâzî 'Abdülḥamîd H̲ân ḥażretlerının ṭaraf-i eşref mulûkânelerinden Vashington'da meclis-i mebʻûs̲an aʻżâʾından musyu Huvit ḥażretlerine ihdâ ettirilmiştir." On the back cover there are dedicatory inscriptions in English and French in gold and the symbol of the Ottoman state. The inscription in English reads: "Gift made by H.I.M. the Sultan Abdul-Hamid II to the honorable A.S. Hewitt[,] member of the House of Representatives in Washington[,] A.H. 1302 - 1884 A.D." The inscription in French reads: "Don fait par S.M.I le Sultan Abdul-Hamid II. a l'honorable M.A.S. Hewitt[,] membre de la Chambre des Representants a Washington[,] A.H. 1032 - 1884 A.D."$5NNU
=500  \\$aSpecCol. c. 1 was a gift of Abram Hewitt to the University of the City of New York. Accession number 7872L$5NNU
=510  4\$aÖzege, M.S. Eski harflerle,$c4217
=650  \0$aTurkish poetry$y17th century.
=650  \7$aTurkish poetry.$2fast$0(OCoLC)fst01159504
=648  \7$a1600 - 1699.$2fast
=776  08$iOnline version:$aṢabri, Mehmet Şerif, 1645.$sPoems.$tDivan-i Ṣabri Şakir.$bDefa-i 1. olarak.$dİstanbul : el-Cevaib Matbaasında tabı olunmuştur, 1296 [1878/1879]$w(OCoLC)624391604
=700  1\$aHewitt, Abram S.$q(Abram Stevens),$d1822-1903,$edonor.$5NNU
=700  0\$aAbdülhamid$bII,$cSultan of the Turks,$d1842-1918.$5NNU
=880  10$6245-01/$aديوان صبري شاكر :$bنفعي ايله معاصر بر شاعر اولوب سلطان مراد رابعك اخص ندماسندن ايدى.
=880  \1$6264-02/$aاستانبول :$aالجوائب مطبعهسى,$a1296 [1878 or 1879]
=852  0\$aNNU$bBFALE$cFALES$hPL248.S2763$iA17 1878$mNon-circulating$t1
=994  \\$aZ0$bZYU

