=LDR  02522cam a2200349 i 4500
=001  004226995
=003  OCoLC
=004  004226995
=005  20161101100524.0
=008  160121s1878\\\\tu\\\\\\\\\\\\000\0\ota\d
=035  \\$a(OCoLC)82448827
=040  \\$aNjP$beng$erda$cPUL$dOCLCG$dOCLCF$dOCLCO$dOCLCQ$dNNU
=050  \4$aJX2834$b.H85 1878
=100  1\$aSchlechta-Wssehrd, Ottokar,$cFreiherr von,$d1825-1894.
=245  10$6880-01$aḤukûk-i milel /$cIşleḫtâ Ôṭôḳâr.
=264  \1$6880-02$a[İstanbul] :$bElcevâip maṭbaʻası,$c1295 [1878 or 1879]
=300  \\$a190 pages ;$c22 cm
=336  \\$atext$2rdacontent
=337  \\$aunmediated$2rdamedia
=338  \\$avolume$2rdacarrier
=500  \\$aSpecCol. c. 1 is bound in red leather, has watered silk endpaper and gilded edges. On front cover there are dedicatory inscriptions in Gold Ottoman Turkish and the sultanic seal (tuğra). The inscription in Ottoman Turkish reads: "el-sulṭân ibn el-sulṭân el-sulṭân al-ġazi 'Abdülḥamîd Ḫân ḥażretlerının ṭaraf-i eşref mulûkânelerinden Vashington'da meclis-i mebʻûs̲an aʻżâʾından musyu Huvit ḥażretlerine ihdâ ettirilmiştir." On the back cover there are dedicatory inscriptions in English and French in gold and the symbol of the Ottoman state. The inscription in English reads: "Gift made by H.I.M. the Sultan Abdul-Hamid II to the honorable A.S. Hewitt[,] member of the House of Representatives in Washington[,] A.H. 1302 - 1884 A.D." The inscription in French reads: "Don fait par S.M.I le Sultan Abdul-Hamid II. a l'honorable M.A.S. Hewitt[,] membre de la Chambre des Representants a Washington[,] A.H. 1032 - 1884 A.D."$5NNU
=500  \\$aSpecCol. c. 1 was a gift of Abram Hewitt to the University of the City of New York. Accession number 7843L$5NNU
=510  4\$aÖzege, M.S. Eski harflerle,$c7894
=650  \0$aInternational law.
=650  \7$aInternational law.$2fast$0(OCoLC)fst00976984
=776  08$iOnline version:$aSchlechta-Wssehrd, Ottokar, Freiherr von, 1825-1894.$tHukuk-i milel.$d[İstanbul] : Elcevaip matbaası, 1295 [1878 or 1879]$w(OCoLC)656933188
=700  1\$aHewitt, Abram S.$q(Abram Stevens),$d1822-1903,$edonor.$5NNU
=700  0\$aAbdülhamid$bII,$cSultan of the Turks,$d1842-1918.$5NNU
=880  10$6245-01/$aحقوق ملل \$cاشلختا اوطوقار.
=880  \1$6264-02/$a]استانبول :]$aالجوائب مطبعهسى,$a1295 [1878 or 1879]
=852  0\$aNNU$bBFALE$cFALES$hJX2834$i.H85 1878$mNon-circulating$t1
=994  \\$aZ0$bZYU

