=LDR  02617cam a22003975i 4500
=001  004260586
=003  OCoLC
=004  004260586
=005  20160307163918.0
=008  160307s1878\\\\tu\\\\\\\\\\\\000\0\ota\d
=035  \\$a(OCoLC)13037479
=040  \\$aCLU$beng$erda$cCLU$dOCLCG$dB9K$dLGG$dOCL$dNYP$dOCLCQ$dOCLCF$dOCLCQ$dOCLCO$dNNU
=041  1\$aota$hger
=043  \\$aac-----
=050  \4$aDS327.7$b.K8 1878
=100  1\$aVámbéry, Ármin,$d1832-1913.
=240  10$aReise in Mittelasia von Teheran.$lOttoman Turkish.
=245  10$6880-01$aBir sahte dervisik Asya-i vustada seyahatı /$cVamberi, mütercimi, A.H.
=264  \1$6880-02$a[Istanbul] :$bVakit Matbaası,$c1295 [1878]
=300  \\$a192 pages ;$c24 cm
=336  \\$atext$btxt$2rdacontent
=337  \\$aunmediated$bn$2rdamedia
=338  \\$avolume$bnc$2rdacarrier
=500  \\$aSpecCol. c. 1 is bound in red leather, has watered silk endpaper and gilded edges. On front cover there are dedicatory inscriptions in Gold Ottoman Turkish and the sultanic seal (tuğra). The inscription in Ottoman Turkish reads: "el-sulṭân ibn el-sulṭân el-sulṭân al-ġâzî 'Abdülḥamîd H̲ân ḥażretlerının ṭaraf-i eşref mulûkânelerinden Vashington'da meclis-i mebʻûs̲an aʻżâʾından musyu Huvit ḥażretlerine ihdâ ettirilmiştir." On the back cover there are dedicatory inscriptions in English and French in gold and the symbol of the Ottoman state. The inscription in English reads: "Gift made by H.I.M. the Sultan Abdul-Hamid II to the honorable A.S. Hewitt[,] member of the House of Representatives in Washington[,] A.H. 1302 - 1884 A.D." The inscription in French reads: "Don fait par S.M.I le Sultan Abdul-Hamid II. a l'honorable M.A.S. Hewitt[,] membre de la Chambre des Representants a Washington[,] A.H. 1032 - 1884 A.D."$5NNU
=500  \\$aSpecCol. c. 1 was a gift of Abram Hewitt to the University of the City of New York. Accession number 7973L$5NNU
=510  4\$aÖzege, M.S. Eski harflerle,$c2391
=651  \0$aAsia, Central$xDescription and travel.
=650  \7$aTravel.$2fast$0(OCoLC)fst01155558
=651  \7$aAsia, Central.$2fast$0(OCoLC)fst01240497
=700  0\$aA. H.
=700  1\$aHewitt, Abram S.$q(Abram Stevens),$d1822-1903,$edonor.$5NNU
=700  0\$aAbdülhamid$bII,$cSultan of the Turks,$d1842-1918.$5NNU
=880  10$6245-01/$aبر ساخته در ويشك آسياى وسطاده سياحتى \$cوامبرى, مترجمى ع.ح.
=880  \1$6264-02/$a[استانبول[ :$aوقت مطبعهسى,$a1295 [1878]
=852  0\$aNNU$bBFALE$cFALEF$hDS327.7$i.K8 1878$mNon-circulating$t1
=994  \\$aZ0$bZYU

