=LDR  03082cam a2200445 i 4500
=001  004240266
=003  OCoLC
=004  004240266
=005  20161101100545.0
=008  890713m18781879tu\\\\\\\\\\\\000\1\ota\d
=035  \\$a(OCoLC)25347506
=040  \\$aPUL$beng$erda$cPUL$dOCLCG$dOCLCQ$dNNU
=041  1\$aota$hfre
=043  \\$aa-tu---
=050  \4$aPQ2484.Z2$aL66 1878
=100  1\$aZaccone, Pierre,$d1817-1895.
=240  10$aMisérables de Londres.$lOttoman Turkish
=245  10$6880-01$aLondra biçaregânı /$cmüellifi Piyer Jakon ; mütercimi Vasilâki.
=250  \\$6880-02$aİlk defa olarak.
=264  \1$6880-03$aİstanbul :$bBabıâli Caddesinde 5 numaralı Matbaa,$c1296-1297 [1878 or 1879-1880]
=300  \\$a2 volumes in 1 (558 pages) ;$c25 cm
=336  \\$atext$btxt$2rdacontent
=337  \\$aunmediated$bn$2rdamedia
=338  \\$avolume$bnc$2rdacarrier
=500  \\$aNovel.
=500  \\$aTurkish in Arabic script.
=500  \\$aTranslation of: Les misérables de Londres.
=500  \\$aSpecCol. c. 1 is bound in red leather, has watered silk endpaper and gilded edges. On front cover there are dedicatory inscriptions in Gold Ottoman Turkish and the sultanic seal (tuğra). The inscription in Ottoman Turkish reads: "el-sulṭân ibn el-sulṭân el-sulṭân al-ġâzî 'Abdülḥamîd Ḫân ḥażretlerının ṭaraf-i eşref mulûkânelerinden Vashington'da meclis-i mebʻûs̲an aʻżâʾından musyu Huvit ḥażretlerine ihdâ ettirilmiştir." On the back cover there are dedicatory inscriptions in English and French in gold and the symbol of the Ottoman state. The inscription in English reads: "Gift made by H.I.M. the Sultan Abdul-Hamid II to the honorable A.S. Hewitt[,] member of the House of Representatives in Washington[,] A.H. 1302 - 1884 A.D." The inscription in French reads: "Don fait par S.M.I le Sultan Abdul-Hamid II. a l'honorable M.A.S. Hewitt[,] membre de la Chambre des Representants a Washington[,] A.H. 1032 - 1884 A.D."$5NNU
=500  \\$aSpecCol. c. 1 was a gift of Abram Hewitt to the Library of University of the City of New York. Accession number 7090L$5NNU
=510  4\$aÖzege, M.S. Eski harflerle,$c11737
=650  \0$aFrench literature$zTurkey$y19th century.
=700  0\$6880-04$aVasilaki,$etranslator.
=776  08$iOnline version:$aZaccone, Pierre, 1817-1895.$sMisérables de Londres. Ottoman Turkish.$tLondra biçaregânı.$bİlk defa olarak.$dİstanbul : Babıâli Caddesinde 5 numaralı Matbaa, 1296-1297 [1878 or 1879-1880]$w(OCoLC)657198064
=700  1\$aHewitt, Abram S.$q(Abram Stevens),$d1822-1903,$edonor.$5NNU
=700  0\$aAbdülhamid$bII,$cSultan of the Turks,$d1842-1918.$5NNU
=880  10$6245-01/$aلوندره بيچاركانى \$cمؤلفى پیر ژاقون; مترجمى واسيلاكى.
=880  \\$6250-02/$aايلك دفعه اولهرق.
=880  \1$6264-03/$aاستانبول :$aباب عالى جادهسنده 5 نومرولى مطبعه,$a1296-1297 [1878 or 1879-1880]
=880  0\$6700-04/$aواسيلاكى.
=852  0\$aNNU$bBFALE$cFALES$hPQ2484.Z2$mNon-circulating$t1

