=LDR  02502cam a22003975i 4500
=001  004260569
=003  OCoLC
=004  004260569
=005  20160307151751.0
=008  160307m18799999tu\\\\\\\\\\\\000\0\ota\d
=035  \\$a(OCoLC)39772719
=040  \\$aCGU$beng$erda$cCGU$dOCLCQ$dOCLCF$dOCLCO$dOCLCQ$dNNU
=043  \\$aa-tu---
=050  \4$aKKX17$b.H34 1879
=100  0\$6880-01$aAbdurrahman Hakkı,$eauthor.
=245  10$6880-02$aMuharrerati-i samiye ve adliye.
=264  \1$a[Istanbul] :$c[1879- 1296]
=300  \\$avolumes ;$c23 cm
=336  \\$atext$btxt$2rdacontent
=337  \\$aunmediated$bn$2rdamedia
=338  \\$avolume$bnc$2rdacarrier
=500  \\$aSpecCol. c. 1 is bound in red leather, has watered silk endpaper and gilded edges. On front cover there are dedicatory inscriptions in Gold Ottoman Turkish and the sultanic seal (tuğra). The inscription in Ottoman Turkish reads: "el-sulṭân ibn el-sulṭân el-sulṭân al-ġâzî 'Abdülḥamîd H̲ân ḥażretlerının ṭaraf-i eşref mulûkânelerinden Vashington'da meclis-i mebʻûs̲an aʻżâʾından musyu Huvit ḥażretlerine ihdâ ettirilmiştir." On the back cover there are dedicatory inscriptions in English and French in gold and the symbol of the Ottoman state. The inscription in English reads: "Gift made by H.I.M. the Sultan Abdul-Hamid II to the honorable A.S. Hewitt[,] member of the House of Representatives in Washington[,] A.H. 1302 - 1884 A.D." The inscription in French reads: "Don fait par S.M.I le Sultan Abdul-Hamid II. a l'honorable M.A.S. Hewitt[,] membre de la Chambre des Representants a Washington[,] A.H. 1032 - 1884 A.D."$5NNU
=500  \\$aSpecCol. c. 1 was a gift of Abram Hewitt to the University of the City of New York. Accession number 7802L$5NNU
=510  4\$aÖzege, M.S. Eski harflerle,$c14118
=650  \0$aAdministrative law$zTurkey$vSources.
=650  \0$aJustice, Administration of$zTurkey$vSources.
=650  \7$aAdministrative law.$2fast$0(OCoLC)fst00796846
=650  \7$aJustice, Administration of.$2fast$0(OCoLC)fst00985154
=651  \7$aTurkey.$2fast$0(OCoLC)fst01208963
=655  \7$aSources.$2fast$0(OCoLC)fst01423900
=700  1\$aHewitt, Abram S.$q(Abram Stevens),$d1822-1903,$edonor.$5NNU
=700  0\$aAbdülhamid$bII,$cSultan of the Turks,$d1842-1918.$5NNU
=880  0\$6100-01/$aعبد الرحمن حقى.
=880  10$6245-02/$aمحررات ساميه وعدليه.
=852  0\$aNNU$bBFALE$cFALEF$hKKX17$i.H34 1879$mNon-circulating$t1
=994  \\$aZ0$bZYU

