=LDR  02800nam a2200433 i 4500
=001  004237319
=004  004237319
=005  20161101100653.0
=008  160222m18791883tu\\\\\\\\\\\\000\0\ota\d
=040  \\$aNNU$beng$erda$cNNU
=043  \\$aa-tu---
=050  \4$aKKX1650$b.A24 1883
=100  1\$6880-01$aAbdüssettar,$eauthor.
=245  10$6880-02$aTeşrîḥ ül-ḳavâʾid ül-külliye.
=250  \\$6880-03$aDefʻe-yi s̲âlis̲e.
=264  \1$6880-04$aIstanbul :$bMaḥmut Bey Maṭbaası,$c1301 [1883 or 1884]
=300  \\$a3 volumes in 1 :$c22 cm.
=336  \\$atext$2rdacontent
=337  \\$aunmediated$2rdamedia
=338  \\$avolume$2rdacarrier
=500  \\$aSpecCol. c. 1 is bound in red leather, has watered silk endpaper and gilded edges. On front cover there are dedicatory inscriptions in Gold Ottoman Turkish and the sultanic seal (tuğra). The inscription in Ottoman Turkish reads: "el-sulṭân ibn el-sulṭân el-sulṭân al-ġâzî 'Abdülḥamîd Ḫân ḥażretlerının ṭaraf-i eşref mulûkânelerinden Vashington'da meclis-i mebʻûs̲an aʻżâʾından musyu Huvit ḥażretlerine ihdâ ettirilmiştir." On the back cover there are dedicatory inscriptions in English and French in gold and the symbol of the Ottoman state. The inscription in English reads: "Gift made by H.I.M. the Sultan Abdul-Hamid II to the honorable A.S. Hewitt[,] member of the House of Representatives in Washington[,] A.H. 1302 - 1884 A.D." The inscription in French reads: "Don fait par S.M.I le Sultan Abdul-Hamid II. a l'honorable M.A.S. Hewitt[,] membre de la Chambre des Representants a Washington[,] A.H. 1032 - 1884 A.D."$5NNU
=500  \\$aSpecCol. c. 1 was a gift of Abram Hewitt to the Library of New York University. Accession number 30446$5NNU
=500  \\$aVolumes 2 and 3 were published by Mihrân Maṭbaʻası in 1296 [1879] and 1299 [1881 or 1882] respectively.$5NNU
=510  4\$aÖzege, M.S. Eski harflerle,$c20880
=510  4\$aÖzege, M.S. Eski harflerle,$c12455
=650  \0$aLaw$zTurkey$y19th century.
=650  \0$aIslamic law$zTurkey$y19th century.
=650  \0$aProcedure (Law)$zTurkey$y19th century.
=650  \0$aCivil law$zTurkey$y19th century.
=610  10$aTurkey.$tMecelle.
=710  2\$6880-05$aMihrân Maṭbaʻası,$epublisher.
=700  1\$aHewitt, Abram S.$q(Abram Stevens),$d1822-1903,$edonor.$5NNU
=700  0\$aAbdülhamid$bII,$cSultan of the Turks,$d1842-1918.$5NNU
=880  1\$6100-01/$aعبد الستار.
=880  10$6245-02/$aتشريح القواعد الكليه.
=880  \\$6250-03/$aدفعهٔ ثالثه.
=880  \1$6264-04/$aاستانبول :$aمحمود بك مطبعهسى,$a1301 [1883 or 1884]
=880  2\$6710-05/$aمهران مطبعهسى.
=852  0\$aNNU$bBFALE$cFALES$hKKX1650$i.A24 1883$mNon-circulating$t1

