=LDR  03273cam a22004695i 4500
=001  004228957
=003  OCoLC
=004  004228957
=005  20161101100709.0
=008  160127s1879\\\\tu\\\\\\\b\\\\000\0\ota\d
=035  \\$a(OCoLC)244080619$z(OCoLC)13098913
=040  \\$aEYM$beng$erda$cEYM$dOCLCQ$dCLU$dOCLCA$dOCLCF$dOCLCO$dOCLCQ$dOCLCO$dNNU
=043  \\$aa-tu---
=050  \4$aDR436$b.R44 1879
=066  \\$c(3$c(4
=100  0\$6880-01$aAhmet Rifat,$cYağlıkçızade,$d-1894,$eauthor.
=245  10$6880-02$aNakd üt-tevarih.
=264  \1$6880-03$a[İstanbul] :$bMustafa Paşa tekkesi şeyhi Yahya Efendi'nin matbaası,$c1296 [1879]
=300  \\$a818 pages ;$c23 cm
=336  \\$atext$btxt$2rdacontent
=337  \\$aunmediated$bn$2rdamedia
=338  \\$avolume$bnc$2rdacarrier
=500  \\$a"Rıfat Efendi'nin, hilkat-ı Âdem Aleyhisselâm'dan bin iki yüz doksan beş sene-yi Hicriyesi nihayetine kadar tarz-ı nevin üzere tertip ettiği tarih-i umumi"--Page [1].
=546  \\$aIn Turkish$b(Arabic script).
=500  \\$aErrata slips ([2] leaves) inserted.
=500  \\$aSpecCol. c. 1 is bound in red leather, has watered silk endpaper and gilded edges. On front cover there are dedicatory inscriptions in Gold Ottoman Turkish and the sultanic seal (tuğra). The inscription in Ottoman Turkish reads: "el-sulṭân ibn el-sulṭân el-sulṭân al-ġazi 'Abdülḥamîd Ḫân ḥażretlerının ṭaraf-i eşref mulûkânelerinden Vashington'da meclis-i mebʻûs̲an aʻżâʾından musyu Huvit ḥażretlerine ihdâ ettirilmiştir." On the back cover there are dedicatory inscriptions in English and French in gold and the symbol of the Ottoman state. The inscription in English reads: "Gift made by H.I.M. the Sultan Abdul-Hamid II to the honorable A.S. Hewitt[,] member of the House of Representatives in Washington[,] A.H. 1302 - 1884 A.D." The inscription in French reads: "Don fait par S.M.I le Sultan Abdul-Hamid II. a l'honorable M.A.S. Hewitt[,] membre de la Chambre des Representants a Washington[,] A.H. 1032 - 1884 A.D."$5NNU
=500  \\$aSpecCol. c. 1 was a gift of Abram Hewitt to the University of the City of New York. Accession number 7795L$5NNU
=510  4\$aÖzege, M.S. Eski harflerle,$c15091
=650  \0$aWorld history$vEarly works to 1800.
=650  \0$aChronology, Historical$vEarly works to 1800.
=650  \0$aIslamic chronology$vEarly works to 1800.
=650  \7$aChronology, Historical.$2fast$0(OCoLC)fst00860207
=650  \7$aIslamic chronology.$2fast$0(OCoLC)fst01730293
=650  \7$aWorld history.$2fast$0(OCoLC)fst01181345
=655  \7$aEarly works.$2fast$0(OCoLC)fst01411636
=776  08$iOnline version:$aAhmet Rifat, Yağlıkçızade, -1894.$tNakd üt-tevarih.$d[İstanbul] : Mustafa Paşa tekkesi şeyhi Yahya Efendi'nin matbaası, 1296 [1879]$w(OCoLC)607835246
=700  1\$aHewitt, Abram S.$q(Abram Stevens),$d1822-1903,$edonor.$5NNU
=700  0\$aAbdülhamid$bII,$cSultan of the Turks,$d1842-1918.$5NNU
=880  0\$6100-01/$aرفعت افندى.
=880  10$6245-02/$aنقد التواريخ.
=880  \1$6264-03/$a[İstanbul] :$bمصطفى پاشا تكيه سى شيخى يحيى افندينك مطبعه سى،$c1296 [1879].
=852  0\$aNNU$bBFALE$cFALES$hDR436$i.R44 1879$mNon-circulating$t1

