=LDR  02218nam a2200301 i 4500
=001  004235915
=004  004235915
=005  20161101100725.0
=008  160217s1879\\\\tu\\\\\\\\\\\\000\0\ota\d
=040  \\$aNNU$beng$erda$cNNU
=050  \4$aPL213$b.C395 1879
=100  0\$aÇaylak Tevfik,$d1843-1892,$eauthor.
=245  10$6880-01$aAs̲âr-ı perişân /$ces̲er-i Meḥmet Tevfîḳ.
=264  \1$6880-03$a[Istanbul] :$bVakıt Maṭbaʻası,$c1297 [1879 or 1880]
=300  \\$a48 pages ;$c24 cm.
=336  \\$atext$2rdacontent
=337  \\$aunmediated$2rdamedia
=338  \\$avolume$2rdacarrier
=500  \\$aSpecCol. c. 1 is bound in red leather, has watered silk endpaper and gilded edges. On front cover there are dedicatory inscriptions in Gold Ottoman Turkish and the sultanic seal (tuğra). The inscription in Ottoman Turkish reads: "el-sulṭân ibn el-sulṭân el-sulṭân al-ġâzî 'Abdülḥamîd Ḫân ḥażretlerının ṭaraf-i eşref mulûkânelerinden Vashington'da meclis-i mebʻûs̲an aʻżâʾından musyu Huvit ḥażretlerine ihdâ ettirilmiştir." On the back cover there are dedicatory inscriptions in English and French in gold and the symbol of the Ottoman state. The inscription in English reads: "Gift made by H.I.M. the Sultan Abdul-Hamid II to the honorable A.S. Hewitt[,] member of the House of Representatives in Washington[,] A.H. 1302 - 1884 A.D." The inscription in French reads: "Don fait par S.M.I le Sultan Abdul-Hamid II. a l'honorable M.A.S. Hewitt[,] membre de la Chambre des Representants a Washington[,] A.H. 1032 - 1884 A.D."$5NNU
=500  \\$aSpecCol. c. 1 was a gift of Abram Hewitt to the University of the City of New York. Accession number 7931L$5NNU
=510  4\$aÖzege, M.S. Eski harflerle,$c1019
=600  00$aÇaylak Tevfik,$d1843-1892.
=650  \0$aTurkish poetry$y19th century.
=700  1\$aHewitt, Abram S.$q(Abram Stevens),$d1822-1903,$edonor.$5NNU
=700  0\$aAbdülhamid$bII,$cSultan of the Turks,$d1842-1918.$5NNU
=880  10$6245-01/$aاثار پریشان \$cاثر محمد توفيق.
=880  \1$6264-03/$a] استانبول] :$bوقت مطبعهسى,$c1297 [1879 or 1880]
=852  0\$aNNU$bBFALE$cFALEF$hPL213$i.C395 1879$mNon-circulating$t1

