=LDR  03385cam a2200469 i 4500
=001  004273366
=003  OCoLC
=004  004273366
=005  20160414144549.0
=008  160414s1879\\\\tu\\\\\\\\\\\\000\0\ara\d
=035  \\$a(OCoLC)775776316
=040  \\$aNDD$beng$cNDD$dOCLCA$dOCLCQ$dOCLCO$dOCLCF
=041  0\$aara$aota
=050  \4$aBP184.3$b.H25 1879
=066  \\$c(3
=100  1\$6880-01$aḤalabī, Ibrāhīm ibn Muḥammad,$d-1549 or 1550,$eauthor.
=240  10$6880-02$aGhunyat al-mutamallī
=245  10$6880-03$aHādhā ghunyat al-mutamallī fī sharḥ Munyat al-muṣallī al-mushtahir bi-sharḥ al-kabīr /$cli-Ibrāhīm al-Ḥalabī.
=246  16$6880-04$aHaleb-i kebir
=264  \1$6880-05$aIstanbul :$bAli Bey Matbaası,$c1295 [1879]
=300  \\$a623 pages ;$c24 cm
=336  \\$atext$btxt$2rdacontent
=337  \\$aunmediated$bn$2rdamedia
=338  \\$avolume$bnc$2rdacarrier
=500  \\$aSpecCol. c. 1 was bound in red leather, has watered silk endpaper and gilded edges. On front cover there are dedicatory inscriptions in Gold Ottoman Turkish and the sultanic seal (tuğra). The inscription in Ottoman Turkish reads: "el-sulṭân ibn el-sulṭân el-sulṭân al-ġâzî 'Abdülḥamîd H̲ân ḥażretlerının ṭaraf-i eşref mulûkânelerinden Vashington'da meclis-i mebʻûs̲an aʻżâʾından musyu Huvit ḥażretlerine ihdâ ettirilmiştir." On the back cover there are dedicatory inscriptions in English and French in gold and the symbol of the Ottoman state. The inscription in English reads: "Gift made by H.I.M. the Sultan Abdul-Hamid II to the honorable A.S. Hewitt[,] member of the House of Representatives in Washington[,] A.H. 1302 - 1884 A.D." The inscription in French reads: "Don fait par S.M.I le Sultan Abdul-Hamid II. a l'honorable M.A.S. Hewitt[,] membre de la Chambre des Representants a Washington[,] A.H. 1032 - 1884 A.D."$5NNU
=650  \0$aPrayer$xIslam.
=600  10$6880-06$aKashgharī, Sadīd al-Dīn,$dactive 13th century?$tMunyat al-muṣallī wa-ghunyat al-mubtadiʼ.
=630  07$aMunyat al-muṣallī wa-ghunyat al-mubtadiʼ (Kashgharī, Sadīd al-Dīn)$2fast$0(OCoLC)fst01369619
=650  \7$aPrayer$xIslam.$2fast$0(OCoLC)fst01074698
=700  1\$aHewitt, Abram S.$q(Abram Stevens),$d1822-1903,$edonor.$5NNU
=700  0\$aAbdülhamid$bII,$cSultan of the Turks,$d1842-1918.$5NNU
=710  2\$6880-07$aAli Bey Matbaası,$epublisher.
=776  08$iOnline version:$aḤalabī, Ibrāhīm ibn Muḥammad, -1549 or 1550.$sGhunyat al-mutamallī$tHādhā ghunyat al-mutamallī fī sharḥ Munyat al-muṣallī al-mushtahir bi-sharḥ al-kabīr.$dIstanbul : Ali Bey Matbaası, 1295 [1879]$w(OCoLC)870260398
=880  1\$6100-01/$aحلبي، إبراهيم بن محمد،,$d-1549 or 1550.
=880  10$6240-02/$aغنية المتملى
=880  10$6245-03/$aهذا غنية المتملي في شرح منية المصلي المشتهر بشرح الكبير /$cلإبراهيم الحلبي.
=880  16$6246-04/$aحلبى كبير
=880  \1$6264-05/$aاستانبول :$bعلى بك مطبعه‌سى‌،$c1295 [1879]
=880  14$6600-06/$aكشغري، سديد الدين،,$dactive 13th century ?$tمنية المصلي وغنية المبتدئ.
=880  2\$6710-07/$aعلى بك مطبعه‌سى‌.
=852  0\$aNNU$bBFALE$cFALES$hBP184.3$i.H25 1879$mNon-circulating$t1
=994  \\$aZ0$bZYU

