=LDR  02693cam a2200421 i 4500
=001  004266181
=003  OCoLC
=004  004266181
=005  20160328110555.0
=008  160328s1879\\\\tu\\\\\\\\\\\\000\0\ota\d
=035  \\$a(OCoLC)30452773
=040  \\$aPUL$beng$erda$cPUL$dOCLCF$dOCLCO$dOCLCQ$dNNU
=043  \\$aa-tu---
=050  \4$aDR569$b.H35 1879
=100  0\$6880-01$aHalet Hüseyin,$eauthor.
=245  10$6880-02$aKıdvet ül-munşeat fi ta'lim il-kitabet vel-lûgat.
=264  \1$6880-03$a[Istanbul] :$bMekteb-i Sanayi Matbaası,$c1296 [1879]
=300  \\$a4, 104 pages ;$c25 cm
=336  \\$atext$btxt$2rdacontent
=337  \\$aunmediated$bn$2rdamedia
=338  \\$avolume$bnc$2rdacarrier
=500  \\$aSpecCol. c. 1 is bound in red leather, has watered silk endpaper and gilded edges. On front cover there are dedicatory inscriptions in Gold Ottoman Turkish and the sultanic seal (tuğra). The inscription in Ottoman Turkish reads: "el-sulṭân ibn el-sulṭân el-sulṭân al-ġâzî 'Abdülḥamîd H̲ân ḥażretlerının ṭaraf-i eşref mulûkânelerinden Vashington'da meclis-i mebʻûs̲an aʻżâʾından musyu Huvit ḥażretlerine ihdâ ettirilmiştir." On the back cover there are dedicatory inscriptions in English and French in gold and the symbol of the Ottoman state. The inscription in English reads: "Gift made by H.I.M. the Sultan Abdul-Hamid II to the honorable A.S. Hewitt[,] member of the House of Representatives in Washington[,] A.H. 1302 - 1884 A.D." The inscription in French reads: "Don fait par S.M.I le Sultan Abdul-Hamid II. a l'honorable M.A.S. Hewitt[,] membre de la Chambre des Representants a Washington[,] A.H. 1032 - 1884 A.D."$5NNU
=500  \\$aSpecCol. c. 1 was a gift of Abram Hewitt to the University of the City of New York. Accession number 7868L$5NNU
=500  \\$aTurkish in Arabic script.
=510  4\$aÖzege, M.S. Eski harflerle,$c10631
=600  00$aAbdülaziz,$cSultan of the Turks,$d1830-1876.
=650  \0$aLetter writing, Turkish.
=651  \0$aTurkey$xHistory$yAbdul Aziz, 1861-1876.
=650  \7$aLetter writing, Turkish.$2fast$0(OCoLC)fst00996758
=700  0\$6880-04$aZiya Kemaleddin,$eauthor.
=700  1\$aHewitt, Abram S.$q(Abram Stevens),$d1822-1903,$edonor.$5NNU
=700  0\$aAbdülhamid$bII,$cSultan of the Turks,$d1842-1918.$5NNU
=880  0\$6100-01/$aخالد حسين.
=880  10$6245-02/$aقدوة المنشأت في تعليم لكتابت اللغات.
=880  \1$6264-03/$a[استانبول[ :$bمكتب صنائع مطبعهسى,$c1296 [1879]
=880  0\$6700-04/$aضيا كمال الدين.
=852  0\$aNNU$bBFALE$cFALES$hDR569$i.H35 1879$mNon-circulating$t1
=994  \\$aZ0$bZYU

