=LDR  02539nam a2200313 i 4500
=001  004224448
=004  004224448
=005  20161101100908.0
=008  160112s1879\\\\tu\\\\\\\b\\\\000\0\ota\d
=040  \\$aNNU$beng$erda$cNNU
=043  \\$aa-tu---
=050  \4$aKKX440$b.I882 1870z
=245  00$6880-01$a[İşbu istatistik cedveli doksanbeş senesine maḫṣûṣ bulunduğu cihetle sene-yi merḳûmede mevcûd bulunan maḥâkimin esâmîsile mu'âmalâtı dâḫil cedvel edilmiştir]
=264  \1$a[Istanbul? :$bs.n.,$cs.d.]
=300  \\$a156 pages ;$c36 cm.
=336  \\$atext$2rdacontent
=337  \\$aunmediated$2rdamedia
=338  \\$avolume$2rdacarrier
=500  \\$aStatistics of the Ottoman legal system for the fiscal year 1295 [1879].$5NNU
=500  \\$aSpecCol. c. 1 is bound in red leather, has watered silk endpaper and gilded edges. On front cover there are dedicatory inscriptions in Gold Ottoman Turkish and the sultanic seal (tuğra). The inscription in Ottoman Turkish reads: "el-sulṭân ibn el-sulṭân el-sulṭân al-ġazi 'Abdülḥamîd Ḫân ḥażretlerının ṭaraf-i eşref mulûkânelerinden Vashington'da meclis-i mebʻûs̲an aʻżâʾından musyu Huvit ḥażretlerine ihdâ ettirilmiştir." On the back cover there are dedicatory inscriptions in English and French in gold and the symbol of the Ottoman state. The inscription in English reads: "Gift made by H.I.M. the Sultan Abdul-Hamid II to the honorable A.S. Hewitt[,] member of the House of Representatives in Washington[,] A.H. 1302 - 1884 A.D." The inscription in French reads: "Don fait par S.M.I le Sultan Abdul-Hamid II. a l'honorable M.A.S. Hewitt[,] membre de la Chambre des Representants a Washington[,] A.H. 1032 - 1884 A.D."$5NNU
=500  \\$aSpecCol. c. 1 was a gift of Abram Hewitt to the Library of New York University. Accession number 30439$5NNU
=510  4\$aÖzege, M.S. Eski harflerle,$c24895
=650  \0$aCourts$zTurkey$xStatistics.
=650  \0$aCourts$zTurkey$xStatistics$y19th century.
=650  \0$aJudicial statistics$zTurkey$y19th century.
=700  1\$aHewitt, Abram S.$q(Abram Stevens),$d1822-1903,$edonor.$5NNU
=700  0\$aAbdülhamid$bII,$cSultan of the Turks,$d1842-1918.$5NNU
=880  00$6245-01/$a][اشبو استاتستيق جدولى طقسان بش سنهينه مخصوص بولنديغى جهتله سنه مرقومه موجود بولنان محاكمك اساميسيله معاملاتى داخل جدول ايدلمشدر
=852  0\$aNNU$bBFALE$cFALES$hKKX440$i.I882 1870z$mNon-circulating$t1

