=LDR  02095nam a2200301 i 4500
=001  004271371
=005  20160412123252.0
=007  ta
=008  160412s1879\\\\tu\\\\\\\\\\\\000\0\ota\d
=040  \\$aNNU$beng$erda$cNNU
=043  \\$ae------
=050  \4$aGB174$b.C6 1879
=245  00$6880-01$aCoġrâfyâ-i avrûpâ.
=264  \1$6880-02$a[Istanbul] :$bMekteb-i Ḥarbiye-i Şâhâne Maṭbaʻası,$c1295 [1879]
=300  \\$aVolumes :$c18 cm.
=336  \\$atext$2rdacontent
=337  \\$aunmediated$2rdamedia
=338  \\$avolume$2rdacarrier
=500  \\$aSpecCol. c. 1 is bound in red leather, has watered silk endpaper and gilded edges. On front cover there are dedicatory inscriptions in Gold Ottoman Turkish and the sultanic seal (tuğra). The inscription in Ottoman Turkish reads: "el-sulṭân ibn el-sulṭân el-sulṭân al-ġâzî 'Abdülḥamîd H̲ân ḥażretlerının ṭaraf-i eşref mulûkânelerinden Vashington'da meclis-i mebʻûs̲an aʻżâʾından musyu Huvit ḥażretlerine ihdâ ettirilmiştir." On the back cover there are dedicatory inscriptions in English and French in gold and the symbol of the Ottoman state. The inscription in English reads: "Gift made by H.I.M. the Sultan Abdul-Hamid II to the honorable A.S. Hewitt[,] member of the House of Representatives in Washington[,] A.H. 1302 - 1884 A.D." The inscription in French reads: "Don fait par S.M.I le Sultan Abdul-Hamid II. a l'honorable M.A.S. Hewitt[,] membre de la Chambre des Representants a Washington[,] A.H. 1032 - 1884 A.D."$5NNU
=500  \\$aSpecCol. c. 1 was a gift of Abram Hewitt to the University of the City of New York. Accession number 7939L$5NNU
=651  \0$aEurope$xGeography.
=700  1\$aHewitt, Abram S.$q(Abram Stevens),$d1822-1903,$edonor.$5NNU
=700  0\$aAbdülhamid$bII,$cSultan of the Turks,$d1842-1918.$5NNU
=880  00$6245-01/$aجغرافيا آوروپا.
=880  \1$6264-02/$a]استانبول :]$bمكتب حربيهٔ شاهانه مطبعهسى,$c1295 [1879]
=852  0\$aNNU$bBFALE$cFALEF$hGB174$i.C6 1879$mNon-circulating
=853  00$81$av.
=863  \\$81.1$a3

