=LDR  02563nam a2200349 i 4500
=001  004236454
=004  004236454
=005  20161101100750.0
=008  160218s1879\\\\tu\a\\\\\\\\\\000\0\ota\d
=040  \\$aNNU$beng$erda$cNNU
=043  \\$aa-tu---
=050  \4$aQB44$b.L52 1879
=100  1\$aLoomis, Elias,$d1811-1889,$eauthor.
=240  10$aAn introduction to practical astronomy.$lOttoman Turkish.
=245  10$6880-01$aMebâdî-i ʻilm-i heyʾet :$byâḫût, ḳozmoġrafyâ /$cmüellifi İlyâs Lûmîs; mütercimi Ḥüseyin ʻAvnî.
=264  \1$6880-02$aIstanbul :$bMihrân Maṭbaʻası,$c1296 [1879]
=300  \\$a405, 7 pages :$bIllustrations ;$c18 cm.
=336  \\$atext$2rdacontent
=337  \\$aunmediated$2rdamedia
=338  \\$avolume$2rdacarrier
=500  \\$aSpecCol. c. 1 is bound in red leather, has watered silk endpaper and gilded edges. On front cover there are dedicatory inscriptions in Gold Ottoman Turkish and the sultanic seal (tuğra). The inscription in Ottoman Turkish reads: "el-sulṭân ibn el-sulṭân el-sulṭân al-ġâzî 'Abdülḥamîd Ḫân ḥażretlerının ṭaraf-i eşref mulûkânelerinden Vashington'da meclis-i mebʻûs̲an aʻżâʾından musyu Huvit ḥażretlerine ihdâ ettirilmiştir." On the back cover there are dedicatory inscriptions in English and French in gold and the symbol of the Ottoman state. The inscription in English reads: "Gift made by H.I.M. the Sultan Abdul-Hamid II to the honorable A.S. Hewitt[,] member of the House of Representatives in Washington[,] A.H. 1302 - 1884 A.D." The inscription in French reads: "Don fait par S.M.I le Sultan Abdul-Hamid II. a l'honorable M.A.S. Hewitt[,] membre de la Chambre des Representants a Washington[,] A.H. 1032 - 1884 A.D."$5NNU
=500  \\$aSpecCol. c. 1 was a gift of Abram Hewitt to the Library of New York University. Accession number 30460.$5NNU
=510  4\$aÖzege, M.S. Eski harflerle,$c12383
=650  \0$aSpherical astronomy.
=650  \0$aSpherical astronomy$zTurkey$y19th century.
=700  0\$6880-03$aḤüseyin ʻAvnî,$etranslator.
=700  1\$aHewitt, Abram S.$q(Abram Stevens),$d1822-1903,$edonor.$5NNU
=700  0\$aAbdülhamid$bII,$cSultan of the Turks,$d1842-1918.$5NNU
=880  10$6245-01/$aمبادى علم هيئت :$bياخود قوزموغرفيا \$cمؤلفى الياس لوميس؛ مترجمى حسين عونى.
=880  \1$6264-02/$aاستانبول :$bمهران مطبهسى,$c1296 [1879]
=880  0\$6700-03/$aحسين عونى.
=852  0\$aNNU$bBFALE$cFALES$hQB44$i.L52 1879$mNon-circulating$t1

