=LDR  02912cam a22003495a 4500
=001  004264994
=003  OCoLC
=004  004264994
=005  20160323140714.0
=008  160323s1879\\\\tu\\\\\\\\\\\\000\0\ara\d
=035  \\$a(OCoLC)122868206
=040  \\$aERL$beng$erda$cERL$dOCLCQ$dOCLCO$dOCLCQ
=050  \4$aD16.8$b.M84 1879
=066  \\$c(3$c(4
=100  0\$6880-01$aMuḥammad Ṣiddīq Ḥasan,$c|c Nawab of Bhopal,$d1832-1890,$eauthor.
=245  10$6880-02$aLaqṭat al-ʻajlān :$bMimmā tamassu ilā maʻrifatih ḥājat al-insān (wa fī ākhirihā: khabīʼat al-akwān fī iftirāq al-umam ʻalā al-madhāhib wa-al-adyān) /$ctaʼlīf Muḥammad Ṣiddīq Ḥasan Khān, al-Malik al-Nawwāb bi-mamlakat Bhūpāl.
=264  \1$6880-03$a[Constantinople] :$bMaṭbaʻat al-Jawāʼib al-Kāʼinah amāma al-Bāb al-ʻĀlī,$c1297 [1879].
=300  \\$a318 pages ;$c25 cm
=336  \\$atext$btxt$2rdacontent
=337  \\$aunmediated$bn$2rdamedia
=338  \\$avolume$bnc$2rdacarrier
=500  \\$aSpecCol. c. 1 is bound in red leather, has watered silk endpaper and gilded edges. On front cover there are dedicatory inscriptions in Gold Ottoman Turkish and the sultanic seal (tuğra). The inscription in Ottoman Turkish reads: "el-sulṭân ibn el-sulṭân el-sulṭân al-ġâzî 'Abdülḥamîd H̲ân ḥażretlerının ṭaraf-i eşref mulûkânelerinden Vashington'da meclis-i mebʻûs̲an aʻżâʾından musyu Huvit ḥażretlerine ihdâ ettirilmiştir." On the back cover there are dedicatory inscriptions in English and French in gold and the symbol of the Ottoman state. The inscription in English reads: "Gift made by H.I.M. the Sultan Abdul-Hamid II to the honorable A.S. Hewitt[,] member of the House of Representatives in Washington[,] A.H. 1302 - 1884 A.D." The inscription in French reads: "Don fait par S.M.I le Sultan Abdul-Hamid II. a l'honorable M.A.S. Hewitt[,] membre de la Chambre des Representants a Washington[,] A.H. 1032 - 1884 A.D."$5NNU
=500  \\$aSpecCol. c. 1 was a gift of Abram Hewitt to the University of the City of New York. Accession number 8012L$5NNU
=650  \0$aHistory$xUniversal.
=650  \0$aWorld history.
=700  1\$aHewitt, Abram S.$q(Abram Stevens),$d1822-1903,$edonor.$5NNU
=700  0\$aAbdülhamid$bII,$cSultan of the Turks,$d1842-1918.$5NNU
=880  0\$6100-01/$aمحمد صديق حسن
=880  10$6245-02/$aلقطة العجلان :$bممل تمس إلى معرفته حاجة الإنسان (و في آخرها : خبيئة الأكوان في افتراق الأمم على المذاهب و الأديان /$cتأليف محمد صديق حسن خان الملك النواب بمملكة بهوپال.
=880  \1$6264-03/$a[القسطنطينية] :$bمطبعة الجوائب الكائنة امام الباب العالي،$c1297 [1879]
=852  0\$aNNU$bBFALE$cFALES$hD16.8$i.M84 1879$mNon-circulating$t1
=994  \\$aZ0$bZYU

