=LDR  02518cam a2200349 a 4500
=001  004265010
=003  OCoLC
=004  004265010
=005  20160323151048.0
=008  160323s1879\\\\tu\\\\\\\\\\\\000\0\ara\\
=010  \\$ane 62000154
=035  \\$a(OCoLC)11436035
=040  \\$aDLC$beng$cWAU$dWAU$dOCLCG$dOCLCF$dOCLCQ$dOCLCO
=050  0\$aPJ6106$b.M84 1979
=100  0\$6880-01$aMuḥammad Ṣiddīq Ḥasan,$cNawab of Bhopal,$d1832-1890.
=245  13$6880-02$aal-Bulghah fī uṣūl al-lughah /$ctaʼlīf Muḥammad Ṣiddīq Ḥasan Khān Bahādur Malik Mamlakat Bhopāl.
=264  \1$6880-03$aal-Qusṭanṭīnīyah :$bMaṭbaʻat al-Jawāʼib,$c1296 [1879]
=300  \\$a6, 188 pages ;$c26 cm
=336  \\$atext$btxt$2rdacontent
=337  \\$aunmediated$bn$2rdamedia
=338  \\$avolume$bnc$2rdacarrier
=500  \\$aSpecCol. c. 1 is bound in red leather, has watered silk endpaper and gilded edges. On front cover there are dedicatory inscriptions in Gold Ottoman Turkish and the sultanic seal (tuğra). The inscription in Ottoman Turkish reads: "el-sulṭân ibn el-sulṭân el-sulṭân al-ġâzî 'Abdülḥamîd H̲ân ḥażretlerının ṭaraf-i eşref mulûkânelerinden Vashington'da meclis-i mebʻûs̲an aʻżâʾından musyu Huvit ḥażretlerine ihdâ ettirilmiştir." On the back cover there are dedicatory inscriptions in English and French in gold and the symbol of the Ottoman state. The inscription in English reads: "Gift made by H.I.M. the Sultan Abdul-Hamid II to the honorable A.S. Hewitt[,] member of the House of Representatives in Washington[,] A.H. 1302 - 1884 A.D." The inscription in French reads: "Don fait par S.M.I le Sultan Abdul-Hamid II. a l'honorable M.A.S. Hewitt[,] membre de la Chambre des Representants a Washington[,] A.H. 1032 - 1884 A.D."$5NNU
=500  \\$aSpecCol. c. 1 was a gift of Abram Hewitt to the University of the City of New York. Accession number 7983L$5NNU
=650  \0$aArabic language.
=710  2\$aMaṭbaʻat al-Jawāʼib.
=700  1\$aHewitt, Abram S.$q(Abram Stevens),$d1822-1903,$edonor.$5NNU
=700  0\$aAbdülhamid$bII,$cSultan of the Turks,$d1842-1918.$5NNU
=880  0\$6100-01/$aمحمد صديق حسن.
=880  12$6245-02/$aالبلغة في اصول اللغة \$cتاليف محمد صديق حسن خان بهادر ملك مملكة بهوبال.
=880  \1$6264-03/$aالقسطنطنية :$bمطبعة الجوائب,$c1296 [1879]
=852  0\$aNNU$bBFALE$cFALES$hPJ6106$i.M84 1979$mNon-circulating$t1
=994  \\$aZ0$bZYU

