=LDR  02502cam a2200349Ii 4500
=001  004276317
=003  OCoLC
=004  004276317
=005  20160421121814.0
=008  160421s1879\\\\tu\\\\\\\\\\\\000\0\araod
=035  \\$a(OCoLC)11554553
=040  \\$aWAU$beng$erda$cWAU$dOCLCG$dKRTAS$dOCLCQ$dOCLCF$dOCLCQ$dOCLCO$dNNU
=050  \4$aPJ6161$b.M83 1879
=100  0\$6880-01$aMuḥammad Ṣiddīq Ḥasan,$cNawab of Bhopal,$d1832-1890,$eauthor.
=245  10$6880-02$aGhuṣn al-bān al-mūriq bi-muḥassināt al-bayān /$ctaʼlīf Muḥammad Ṣiddīq Ḥasan.
=264  \1$6880-03$aQusṭanṭīnīyah :$bMaṭbaʻat al-Jawāʼib,$c1296 [1879]
=300  \\$a102 pages ;$c21 cm
=336  \\$atext$btxt$2rdacontent
=337  \\$aunmediated$bn$2rdamedia
=338  \\$avolume$bnc$2rdacarrier
=500  \\$aSpecCol. c. 1 was bound in red leather, has watered silk endpaper and gilded edges. On front cover there are dedicatory inscriptions in Gold Ottoman Turkish and the sultanic seal (tuğra). The inscription in Ottoman Turkish reads: "el-sulṭân ibn el-sulṭân el-sulṭân al-ġâzî 'Abdülḥamîd H̲ân ḥażretlerının ṭaraf-i eşref mulûkânelerinden Vashington'da meclis-i mebʻûs̲an aʻżâʾından musyu Huvit ḥażretlerine ihdâ ettirilmiştir." On the back cover there are dedicatory inscriptions in English and French in gold and the symbol of the Ottoman state. The inscription in English reads: "Gift made by H.I.M. the Sultan Abdul-Hamid II to the honorable A.S. Hewitt[,] member of the House of Representatives in Washington[,] A.H. 1302 - 1884 A.D." The inscription in French reads: "Don fait par S.M.I le Sultan Abdul-Hamid II. a l'honorable M.A.S. Hewitt[,] membre de la Chambre des Representants a Washington[,] A.H. 1032 - 1884 A.D."$5NNU
=650  \0$aArabic language$xRhetoric.
=650  \7$aArabic language$xRhetoric.$2fast$0(OCoLC)fst00812415
=700  1\$aHewitt, Abram S.$q(Abram Stevens),$d1822-1903,$edonor.$5NNU
=700  0\$aAbdülhamid$bII,$cSultan of the Turks,$d1842-1918.$5NNU
=710  2\$6880-04$aMaṭbaʻat al-Jawāʼib,$epublisher.
=880  0\$6100-01/$aمحمد صديق حسن،$d1832-1890.
=880  10$6245-02/$aغصن البان المورق بمحسنات البيان /$cتأليف محمد صديق حسن.
=880  \1$6264-03/$aقسطنطينية :$bمطبعة الجوائب،$c1296 [1879]
=880  2\$6710-04/$aمطبعة الجوائب.
=852  0\$aNNU$bBFALE$cFALES$hPJ6161$i.M83 1879$mNon-circulating$t1
=994  \\$aC0$bZYU

