=LDR  03424cam a2200457 a 4500
=001  004271406
=003  OCoLC
=004  004271406
=005  20160412144655.0
=008  160412s1879\\\\tu\\\\\\\\\\\\000\0\otaod
=035  \\$a(OCoLC)11510622
=040  \\$aWAU$beng$erda$cWAU$dOCLCG$dOCLCQ$dOCLCF$dOCLCO$dNNU
=041  1\$aota$heng
=043  \\$an------$anc-----$as------
=050  \4$aE143$b.R6513 1879
=100  1\$aRobertson, William,$d1721-1793,$eauthor.
=240  10$aHistory of America.$nBook 2.$lOttoman Turkish
=245  10$6880-01$aAmeriḳa, tarih keşfi /$cİnkiliz maşahir müerrihininden Rubirtson nam zatın müellefâtinden olup Ameriḳa kıtʼasının tarih keşfine dairdir ; ... Abdulġaffar Anis Efendi merhum tercüme etmiştir.
=264  \1$6880-02$aİstanbul :$bel-Cevaib Matbaası,$c1297 [1879 or 1880]
=300  \\$a216 pages ;$c23 cm
=336  \\$atext$btxt$2rdacontent
=337  \\$aunmediated$bn$2rdamedia
=338  \\$avolume$bnc$2rdacarrier
=500  \\$aTranslation of: History of America, Book 2.
=500  \\$aSpecCol. c. 1 is bound in red leather, has watered silk endpaper and gilded edges. On front cover there are dedicatory inscriptions in Gold Ottoman Turkish and the sultanic seal (tuğra). The inscription in Ottoman Turkish reads: "el-sulṭân ibn el-sulṭân el-sulṭân al-ġâzî 'Abdülḥamîd H̲ân ḥażretlerının ṭaraf-i eşref mulûkânelerinden Vashington'da meclis-i mebʻûs̲an aʻżâʾından musyu Huvit ḥażretlerine ihdâ ettirilmiştir." On the back cover there are dedicatory inscriptions in English and French in gold and the symbol of the Ottoman state. The inscription in English reads: "Gift made by H.I.M. the Sultan Abdul-Hamid II to the honorable A.S. Hewitt[,] member of the House of Representatives in Washington[,] A.H. 1302 - 1884 A.D." The inscription in French reads: "Don fait par S.M.I le Sultan Abdul-Hamid II. a l'honorable M.A.S. Hewitt[,] membre de la Chambre des Representants a Washington[,] A.H. 1032 - 1884 A.D."$5NNU
=500  \\$aSpecCol. c. 1 was a gift of Abram Hewitt to the Library of New York University. Accession number 30465$5NNU
=510  4\$aÖzege, M.S. Eski harflerle,$c734
=600  10$aColumbus, Christopher.
=651  \0$aAmerica$xDiscovery and exploration.
=600  17$aColumbus, Christopher.$2fast$0(OCoLC)fst00028086
=650  \7$aDiscoveries in geography.$2fast$0(OCoLC)fst00894950
=651  \7$aAmerica.$2fast$0(OCoLC)fst01239786
=700  1\$aHewitt, Abram S.$q(Abram Stevens),$d1822-1903,$edonor.$5NNU
=700  0\$aAbdülhamid$bII,$cSultan of the Turks,$d1842-1918.$5NNU
=710  2\$6880-03$aMaṭbaʻat al-Jawāʼib.
=776  08$iOnline version:$aRobertson, William, 1721-1793.$sHistory of America. Book 2. Turkish.$tAmeriḳa, tarih keşfi.$dİstanbul : el-Cevaib Matbaasında tabı olunmuştur, 1297 [1879 or 1880]$w(OCoLC)910533176
=880  10$6245-01/$aامريقا تاريخ كشفى \$cانكليز مشاهير مؤرخندن روبرتسون نام ذاتك مؤلفندن اولوب امريقا قطعهسنك تاريخ كشفنه دائردر ؛ ... عبد الغفار انيس افندى مرحوم ترجمه ايتمشدر.
=880  \1$6264-02/$aاستانبول :$bالجوائب مطبعهسى,$c1297 [1879 or 1880]
=880  2\$6710-03/$aمطبعة الجوائب.
=852  0\$aNNU$bBFALE$cFALEF$hE143$i.R6513 1879$mNon-circulating$t1
=994  \\$aZ0$bZYU

