=LDR  02432nam a2200337 i 4500
=001  004266204
=004  004266204
=005  20160722101156.0
=008  160328s1879\\\\tu\\\\\\\\\\\\000\0\ota\d
=040  \\$aNNU$beng$erda$cNNU
=043  \\$aa-tu---
=050  \4$aPQ2429.S5$bM419 1879
=100  1\$aSoulié, Frédérick,$d1800-1847,$eauthor.
=240  14$aLes mémoires du diable.$lOttoman Turkish.
=245  10$6880-01$aŞeyṭânin yâdigârlari /$cMuḥarriri Friz̲riḳ Sulye; mütercimi Ş. Sâmî.
=264  \1$6880-02$aİstanbul :$bMihrân Maṭbaʻası,$c1295 [1879]
=300  \\$a595 pages ;$c30 cm.
=336  \\$atext$2rdacontent
=337  \\$aunmediated$2rdamedia
=338  \\$avolume$2rdacarrier
=500  \\$aSpecCol. c. 1 is bound in red leather, has watered silk endpaper and gilded edges. On front cover there are dedicatory inscriptions in Gold Ottoman Turkish and the sultanic seal (tuğra). The inscription in Ottoman Turkish reads: "el-sulṭân ibn el-sulṭân el-sulṭân al-ġâzî 'Abdülḥamîd H̲ân ḥażretlerının ṭaraf-i eşref mulûkânelerinden Vashington'da meclis-i mebʻûs̲an aʻżâʾından musyu Huvit ḥażretlerine ihdâ ettirilmiştir." On the back cover there are dedicatory inscriptions in English and French in gold and the symbol of the Ottoman state. The inscription in English reads: "Gift made by H.I.M. the Sultan Abdul-Hamid II to the honorable A.S. Hewitt[,] member of the House of Representatives in Washington[,] A.H. 1302 - 1884 A.D." The inscription in French reads: "Don fait par S.M.I le Sultan Abdul-Hamid II. a l'honorable M.A.S. Hewitt[,] membre de la Chambre des Representants a Washington[,] A.H. 1032 - 1884 A.D."$5NNU
=500  \\$aSpecCol. c. 1 was a gift of Abram Hewitt to the University of the City of New York. Accession number 7807L$5NNU
=510  4\$aÖzege, M.S. Eski harflerle,$c12389
=650  \0$aFrench literature$zTurkey$y19th century.
=700  0\$6880-03$aŞ. Sâmî,$etranslator.
=700  1\$aHewitt, Abram S.$q(Abram Stevens),$d1822-1903,$edonor.$5NNU
=700  0\$aAbdülhamid$bII,$cSultan of the Turks,$d1842-1918.$5NNU
=880  10$6245-01/$aشيطانك يادكارلرى \$cمحررى فرذريق سوليه؛ مترجمى ش. سامى.
=880  \1$6264-02/$aاستانبول :$bمهران مطبعهسى,$c1295 [1879]
=880  0\$6700-03/$aش. سامى.
=852  0\$aNNU$bBFALE$cFALES$hPQ2429.S5$iM419 1879$mNon-circulating$t1

