=LDR  02165nam a2200301 i 4500
=001  004267258
=004  004267258
=005  20160330161738.0
=008  160330s188u\\\\tu\\\\\\\\\\\\000\0\ota\d
=040  \\$aNNU$beng$erda$cNNU
=050  \4$aQA303$b.A46 1880z
=100  0\$6880-01$aAḥmet Şükrü Paşa,$eauthor.
=245  10$6880-02$aʻAmelî ve naẓarî ʻilm-i hesâb /$ces̲er-i Aḥmed Şükrü.
=264  \1$a[Istanbul? :$bs.n.,$c188-?]
=300  \\$a336 pages ;$c18 cm.
=336  \\$atext$2rdacontent
=337  \\$aunmediated$2rdamedia
=338  \\$avolume$2rdacarrier
=500  \\$aSpecCol. c. 1 is bound in red leather, has watered silk endpaper and gilded edges. On front cover there are dedicatory inscriptions in Gold Ottoman Turkish and the sultanic seal (tuğra). The inscription in Ottoman Turkish reads: "el-sulṭân ibn el-sulṭân el-sulṭân al-ġâzî 'Abdülḥamîd H̲ân ḥażretlerının ṭaraf-i eşref mulûkânelerinden Vashington'da meclis-i mebʻûs̲an aʻżâʾından musyu Huvit ḥażretlerine ihdâ ettirilmiştir." On the back cover there are dedicatory inscriptions in English and French in gold and the symbol of the Ottoman state. The inscription in English reads: "Gift made by H.I.M. the Sultan Abdul-Hamid II to the honorable A.S. Hewitt[,] member of the House of Representatives in Washington[,] A.H. 1302 - 1884 A.D." The inscription in French reads: "Don fait par S.M.I le Sultan Abdul-Hamid II. a l'honorable M.A.S. Hewitt[,] membre de la Chambre des Representants a Washington[,] A.H. 1032 - 1884 A.D."$5NNU
=500  \\$aSpecCol. c. 1 was a gift of Abram Hewitt to the Library of the University of the City of New York. Accession number 8036L$5NNU
=546  \\$aTurkish in Arabic script.
=510  4\$aÖzege, M.S. Eski harflerle,$c672
=650  \0$aCalculus.
=700  1\$aHewitt, Abram S.$q(Abram Stevens),$d1822-1903,$edonor.$5NNU
=700  0\$aAbdülhamid$bII,$cSultan of the Turks,$d1842-1918.$5NNU
=880  0\$6100-01/$aاحمد شكرى پاشا.
=880  10$6245-02/$aعملى ونظرى علم حساب \$cاثر احمد شكرى.
=852  0\$aNNU$bBFALE$cFALES$hQA303$i.A46 1880z$mNon-circulating$t1

