=LDR  02651cam a2200385 i 4500
=001  004231862
=003  OCoLC
=004  004231862
=005  20160203165157.0
=008  160203s1880\\\\tu\\\\\\\\\\\\000\0\otaod
=035  \\$a(OCoLC)41490837
=040  \\$aCLE$beng$erda$cCLE$dOCLCG$dOCLCO$dOCLCQ$dNNU
=050  \4$aPL248.T373$bE7 1880
=100  0\$6880-01$aAbdülhak Hâmit,$d1852-1937,$eauthor.
=245  10$6880-02$aEşber :$bmanẓûm ve ḳavâfî-yi mûḳayyede ḥâvî bir fâciʻa-yi tarîh̲iyedir /$cʻAbdülḥaḳ Ḥâmit,
=264  \1$6880-03$aİstanbul :$bMihrân Maṭbaʻası,$c1297 [1880]
=300  \\$a160 pages ;$c16 cm
=336  \\$atext$btxt$2rdacontent
=337  \\$aunmediated$bn$2rdamedia
=338  \\$avolume$bnc$2rdacarrier
=500  \\$aA historical play in verse.
=546  \\$aOttoman Turkish.
=500  \\$aBound with the poem: Makber / Abdülhak Hâmit, 1880.
=500  \\$aSpecCol. c. 1 is bound in red leather, has watered silk endpaper and gilded edges. On front cover there are dedicatory inscriptions in Gold Ottoman Turkish and the sultanic seal (tuğra). The inscription in Ottoman Turkish reads: "el-sulṭân ibn el-sulṭân el-sulṭân al-ġazi 'Abdülḥamîd H̲ân ḥażretlerının ṭaraf-i eşref mulûkânelerinden Vashington'da meclis-i mebʻûs̲an aʻżâʾından musyu Huvit ḥażretlerine ihdâ ettirilmiştir." On the back cover there are dedicatory inscriptions in English and French in gold and the symbol of the Ottoman state. The inscription in English reads: "Gift made by H.I.M. the Sultan Abdul-Hamid II to the honorable A.S. Hewitt[,] member of the House of Representatives in Washington[,] A.H. 1302 - 1884 A.D." The inscription in French reads: "Don fait par S.M.I le Sultan Abdul-Hamid II. a l'honorable M.A.S. Hewitt[,] membre de la Chambre des Representants a Washington[,] A.H. 1032 - 1884 A.D."$5NNU
=500  \\$aSpecCol. c. 1 was a gift of Abram Hewitt to the University of the City of New York. Accession number 7909L$5NNU
=510  4\$aÖzege, M.S. Eski harflerle,$c5206
=700  0\$aAbdülhak Hâmit,$d1852-1937.$tMakber.
=740  02$aMakber.
=700  1\$aHewitt, Abram S.$q(Abram Stevens),$d1822-1903,$edonor.$5NNU
=700  0\$aAbdülhamid$bII,$cSultan of the Turks,$d1842-1918.$5NNU
=880  0\$6100-01/$aعبد الحق حامد.
=880  10$6245-02/$aاشبر :$bمنظوم وقوافئ مقيدهيى حاوى بر فاجعه تاريخيهدر \$cعبد الحق حامد.
=880  \1$6264-03/$aاستانبول :$bمهران مطبعهسى,$c1297 [1880]
=852  0\$aNNU$bBFALE$cFALEF$hPL248.T373$iE7 1880$mNon-circulating$t1
=994  \\$aZ0$bZYU

