=LDR  02758cam a2200385 i 4500
=001  004267171
=003  OCoLC
=004  004267171
=005  20160330124736.0
=008  160330q18801899tu\\\\\\\\\\\\000\0\ota\d
=035  \\$a(OCoLC)25829737
=040  \\$aPUL$beng$erda$cPUL$dOCLCG$dOCLCQ$dPAU$dOCLCQ$dNNU
=050  \4$aPL248.A238$bT49 1880
=100  0\$6880-01$aAbdülhak Hâmit,$d1852-1937.
=245  10$6880-02$aTezer, yahut, Melik Abdurrahman is-salis :$bmanzum ve kavafi-yi mukayyîdeyi havi bir facia-yı tarihiyedir /$cAbdülhak Hâmit.
=246  3\$aTezer
=246  3\$aMelik Abdurrahman is-salis
=264  \1$a03$aİstanbul :$bMihran Matbaʻası,$c1297 [1880]
=264  \1$6880-03$aاستانبول :$bمهران مطبعهسى,$c1297 [1880]
=300  \\$a127 pages ;$c16 cm
=336  \\$atext$btxt$2rdacontent
=337  \\$aunmediated$bn$2rdamedia
=338  \\$avolume$bnc$2rdacarrier
=500  \\$aPoem.
=500  \\$aSpecCol. c. 1 is bound in red leather, has watered silk endpaper and gilded edges. On front cover there are dedicatory inscriptions in Gold Ottoman Turkish and the sultanic seal (tuğra). The inscription in Ottoman Turkish reads: "el-sulṭân ibn el-sulṭân el-sulṭân al-ġâzî 'Abdülḥamîd H̲ân ḥażretlerının ṭaraf-i eşref mulûkânelerinden Vashington'da meclis-i mebʻûs̲an aʻżâʾından musyu Huvit ḥażretlerine ihdâ ettirilmiştir." On the back cover there are dedicatory inscriptions in English and French in gold and the symbol of the Ottoman state. The inscription in English reads: "Gift made by H.I.M. the Sultan Abdul-Hamid II to the honorable A.S. Hewitt[,] member of the House of Representatives in Washington[,] A.H. 1302 - 1884 A.D." The inscription in French reads: "Don fait par S.M.I le Sultan Abdul-Hamid II. a l'honorable M.A.S. Hewitt[,] membre de la Chambre des Representants a Washington[,] A.H. 1032 - 1884 A.D."$5NNU
=500  \\$aSpecCol. c. 1 was a gift of Abram Hewitt to the Library of the University of the City of New York. Accession number 7886L.$5NNU
=546  \\$aTurkish in Arabic script.
=510  4\$aÖzege, M.S. Eski harflerle,$c20935
=700  1\$aHewitt, Abram S.$q(Abram Stevens),$d1822-1903,$edonor.$5NNU
=700  0\$aAbdülhamid$bII,$cSultan of the Turks,$d1842-1918.$5NNU
=776  08$iOnline version:$aAbdülhak Hâmit, 1852-1937.$tTezer, yahut, Melik Abdurrahman is-salis.$dİstanbul : [s.n., 18--?]$w(OCoLC)555970981
=880  0\$6100-01/$aعبد الحق حامد,$d1852-1937.
=880  10$6245-02/$aتزر, ياخود, ملك عبد الرحمن ثالث :$b\منظوم وقوافى مقيده حاوى بر فاجعه تاريخيه در$cعبد الحق حامد.
=852  0\$bBFALE$cFALES$hPL248.A238$iT49 1880$aNNU
=994  \\$aZ0$bZYU

