=LDR  02469cam a2200349 i 4500
=001  004231286
=003  OCoLC
=004  004231286
=005  20161101100940.0
=008  160201s1880\\\\tu\\\\\\\\\\\\000\0\ota\d
=035  \\$a(OCoLC)84480772
=040  \\$aTEU$beng$erda$cTEU$dOCLCF$dOCLCO$dOCLCQ$dNNU
=050  \4$aBP50$b.A238 1880
=100  0\$6880-01$aAbdüllatîf Subhî$cPaşa,$d1818-1886,$eauthor.
=245  10$6880-02$aḤaḳâʼiḳ ül-kelâm fī târı̂ḫ ül-Islâm /$cevḳâf-ı hümâyun nâẓiri devletlı Ṣubḥî Paşa.
=264  \1$aIstanbul :$c1297 [1880].
=300  \\$a357 pages ;$c20 cm
=336  \\$atext$btxt$2rdacontent
=337  \\$aunmediated$bn$2rdamedia
=338  \\$avolume$bnc$2rdacarrier
=500  \\$aSpecCol. c. 1 is bound in red leather, has watered silk endpaper and gilded edges. On front cover there are dedicatory inscriptions in Gold Ottoman Turkish and the sultanic seal (tuğra). The inscription in Ottoman Turkish reads: "el-sulṭân ibn el-sulṭân el-sulṭân al-ġazi 'Abdülḥamîd Ḫân ḥażretlerının ṭaraf-i eşref mulûkânelerinden Vashington'da meclis-i mebʻûs̲an aʻżâʾından musyu Huvit ḥażretlerine ihdâ ettirilmiştir." On the back cover there are dedicatory inscriptions in English and French in gold and the symbol of the Ottoman state. The inscription in English reads: "Gift made by H.I.M. the Sultan Abdul-Hamid II to the honorable A.S. Hewitt[,] member of the House of Representatives in Washington[,] A.H. 1302 - 1884 A.D." The inscription in French reads: "Don fait par S.M.I le Sultan Abdul-Hamid II. a l'honorable M.A.S. Hewitt[,] membre de la Chambre des Representants a Washington[,] A.H. 1032 - 1884 A.D."$5NNU
=500  \\$aSpecCol. c. 1 was a gift of Abram Hewitt to the University of the City of New York. Accession number 7924L$5NNU
=510  4\$aÖzege, M.S. Eski harflerle,$c6620
=650  \0$aIslam$xHistory.
=650  \7$aIslam.$2fast$0(OCoLC)fst00979776
=655  \7$aHistory.$2fast$0(OCoLC)fst01411628
=700  1\$aHewitt, Abram S.$q(Abram Stevens),$d1822-1903,$edonor.$5NNU
=700  0\$aAbdülhamid$bII,$cSultan of the Turks,$d1842-1918.$5NNU
=880  0\$6100-01/$aعبد اللطيف صبحى$cپاشا,$d1818-1886.
=880  10$6245-02/$aحقائق الكلام فى تاريخ الاسلام \$cاوقاف همايون ناظرى دولتلو صبحى پاشا.
=852  0\$aNNU$bBFALE$cFALEF$hBP50$i.A238 1880$mNon-circulating$t1
=994  \\$aZ0$bZYU

