=LDR  02402nam a2200361 i 4500
=001  004219005
=004  004219005
=005  20161101100955.0
=008  151221s1880\\\\tu\\\\\\\\\\\\000\0\ota\d
=040  \\$aNNU$beng$erda$cNNU
=050  \4$aBP189.7.N35$bA32189 1880
=066  \\$c(3
=100  1\$6880-01$aAbū Saʻīd Mujaddidī al-Dihlavī,$eauthor.
=240  10$6880-02$aHidāyat al-ṭālibīn$lOttoman Turkish
=245  10$6880-03$aTerceme-yi Hidâyet üt-ṭâlibîn.
=264  \1$6880-04$aIstanbul :$bEs'ad Efendi maṭba'ası,$c[12]98 [1880 or 1881]
=300  \\$a96 pages ;$c18 cm.
=336  \\$atext$2rdacontent
=337  \\$aunmediated$2rdamedia
=338  \\$avolume$2rdacarrier
=500  \\$aSpecCol. c. 1 is bound in red leather, has watered silk endpaper and gilded edges. On front cover there are dedicatory inscriptions in Gold Ottoman Turkish and the sultanic seal (tuğra). The inscription in Ottoman Turkish reads: "el-sulṭân ibn el-sulṭân el-sulṭân al-ġazi 'Abdülḥamîd Ḫân ḥażretlerının ṭaraf-i eşref mulûkânelerinden Vashington'da meclis-i mebʻûs̲an aʻżâʾından musyu Huvit ḥażretlerine ihdâ ettirilmiştir." On the back cover there are dedicatory inscriptions in English and French in gold and the symbol of the Ottoman state. The inscription in English reads: "Gift made by H.I.M. the Sultan Abdul-Hamid II to the honorable A.S. Hewitt[,] member of the House of Representatives in Washington[,] A.H. 1302 - 1884 A.D." The inscription in French reads: "Don fait par S.M.I le Sultan Abdul-Hamid II. a l'honorable M.A.S. Hewitt[,] membre de la Chambre des Representants a Washington[,] A.H. 1032 - 1884 A.D."$5NNU
=650  \0$aSufism.
=650  \0$aSufism$xEarly works to 1800.
=650  \0$aNaqshabandīyah.
=700  1\$6880-05$aSivasi Lütfallah Paşa,$etranslator.
=700  1\$aHewitt, Abram S.$q(Abram Stevens),$d1822-1903,$edonor.$5NNU
=700  0\$aAbdülhamid$bII,$cSultan of the Turks,$d1842-1918.$5NNU
=880  1\$6100-01/$aابو سعيد مجددي الدهلوي.
=880  10$6240-02/$aهداية الطالبين.
=880  10$6245-03/$aترجمهٔ هداية الطالبين.
=880  \1$6264-04/$aاستانبول :$bاسعد افندى مطبعهسى,$c[12]98 [1880 or 1881]
=880  1\$6700-05/$aسيواسى لطف الله پاشا.
=852  0\$aNNU$bBFALE$cFALES$hBP189.7.N35$iA32189 1880$mNon-circulating$t1

