=LDR  02557cam a2200385 i 4500
=001  004266225
=003  OCoLC
=004  004266225
=005  20160328142635.0
=008  160328s1880\\\\tu\a\\\\\\\\\\000\0\otao\
=010  \\$a2014458215
=035  \\$a(OCoLC)899491413
=040  \\$aDLC$beng$erda$cDLC$dOCLCO$dOCLCF$dNNU
=042  \\$apcc
=050  00$aVK555$b.A44 1880
=100  0\$6880-01$aAli Rıza,$eauthor.
=245  10$6880-02$aSeyr-i sefain /$cMekteb-i Bahriye-yi Şahâne Seyr-i Sefain ve Heyet-i Bahriye hocası Kulağası Ali Rıza.
=264  \1$6880-03$aİstanbul :$bMihran Matbaası,$c1296 [1880]
=300  \\$a264 pages :$billustrations ;$c28 cm
=336  \\$atext$2rdacontent
=337  \\$aunmediated$2rdamedia
=338  \\$avolume$2rdacarrier
=546  \\$aTurkish$bArabic script.
=500  \\$aSpecCol. c. 1 is bound in red leather, has watered silk endpaper and gilded edges. On front cover there are dedicatory inscriptions in Gold Ottoman Turkish and the sultanic seal (tuğra). The inscription in Ottoman Turkish reads: "el-sulṭân ibn el-sulṭân el-sulṭân al-ġâzî 'Abdülḥamîd H̲ân ḥażretlerının ṭaraf-i eşref mulûkânelerinden Vashington'da meclis-i mebʻûs̲an aʻżâʾından musyu Huvit ḥażretlerine ihdâ ettirilmiştir." On the back cover there are dedicatory inscriptions in English and French in gold and the symbol of the Ottoman state. The inscription in English reads: "Gift made by H.I.M. the Sultan Abdul-Hamid II to the honorable A.S. Hewitt[,] member of the House of Representatives in Washington[,] A.H. 1302 - 1884 A.D." The inscription in French reads: "Don fait par S.M.I le Sultan Abdul-Hamid II. a l'honorable M.A.S. Hewitt[,] membre de la Chambre des Representants a Washington[,] A.H. 1032 - 1884 A.D."$5NNU
=500  \\$aSpecCol. c. 1 was a gift of Abram Hewitt to the Library of New York University. Accession number 30473.$5NNU
=510  4\$aÖzege, M.S. Eski harflerle,$c17923
=650  \0$aNavigation.
=650  \7$aNavigation.$2fast$0(OCoLC)fst01035085
=700  1\$aHewitt, Abram S.$q(Abram Stevens),$d1822-1903,$edonor.$5NNU
=700  0\$aAbdülhamid$bII,$cSultan of the Turks,$d1842-1918.$5NNU
=880  0\$6100-01/$aعلى رضا.
=880  10$6245-02/$aسير سفائن \$cمكتب بحريه شاهانه سير سفائن هيئت بحريه خواجهسى قولاغاسى على رضا.
=880  \1$6264-03/$aاستانبول :$bمهران مطبعهسى,$c1296 [1880]
=852  0\$aNNU$bBFALE$cFALES$hVK555$i.A44 1880$mNon-circulating$t1
=994  \\$aZ0$bZYU

