=LDR  03487cam a2200481 i 4500
=001  004265043
=003  OCoLC
=004  004265043
=005  20160323162740.0
=008  160323s1880\\\\tu\\\\\\\\\\\\000\0\ara\\
=010  \\$ane 68001890
=035  \\$a(OCoLC)11546795
=040  \\$aDLC$beng$erda$cWAU$dWAU$dOCLCQ$dOCLCG$dYUS$dOCLCQ$dOCLCF$dOCLCQ$dOCLCO$dNNU
=050  \4$aB751.A35$bT5 1880
=066  \\$c(3
=100  0\$6880-01$aAvicenna,$d980-1037.
=240  10$6880-02$aTisʻ rasāʼil
=245  10$6880-03$aTisʻ rasāʼil fī al-ḥikmah wa-al-ṭabīʻīyāt /$ctaʼlīf Abī ʻAlī al-Ḥusayn ʻAbd Allāh ibn Sīnā. Wa-fī ākhirihā Qiṣṣat Salāmān wa-Absāl / tarjamahā min al-Yūnānī Ḥunayn ibn Isḥāq.
=250  \\$6880-04$aal-Ṭabʻah 1.
=260  \\$6880-05$aQusṭanṭīnīyah :$bMaṭbaʻat al-Jawāʼib,$c1298 [1880 or 1881]
=300  \\$a131 pages ;$c22 cm
=336  \\$atext$btxt$2rdacontent
=337  \\$aunmediated$bn$2rdamedia
=338  \\$avolume$bnc$2rdacarrier
=505  0\$aal-Ṭabīʻīyāt min ʻuyūn al-ḥikmah -- Fī al-ajrām al-ʻalawīyah -- Fī al-quwá al-insānīyah wa-idrākātihā -- Fī al- ḥudūd -- Fī iqsām al-ʻulūm al-ʻaqlīyah -- Fī ithbāt al-nubūwāt -- Fī maʻānī al-ḥurūf al-hijāʼīyah -- Fī al-ʻahd -- Fī ʻilm al-akhlāq -- Qiṣṣat Salāmān wa-Absāl.
=500  \\$aSpecCol. c. 1 is bound in red leather, has watered silk endpaper and gilded edges. On front cover there are dedicatory inscriptions in Gold Ottoman Turkish and the sultanic seal (tuğra). The inscription in Ottoman Turkish reads: "el-sulṭân ibn el-sulṭân el-sulṭân al-ġâzî 'Abdülḥamîd H̲ân ḥażretlerının ṭaraf-i eşref mulûkânelerinden Vashington'da meclis-i mebʻûs̲an aʻżâʾından musyu Huvit ḥażretlerine ihdâ ettirilmiştir." On the back cover there are dedicatory inscriptions in English and French in gold and the symbol of the Ottoman state. The inscription in English reads: "Gift made by H.I.M. the Sultan Abdul-Hamid II to the honorable A.S. Hewitt[,] member of the House of Representatives in Washington[,] A.H. 1302 - 1884 A.D." The inscription in French reads: "Don fait par S.M.I le Sultan Abdul-Hamid II. a l'honorable M.A.S. Hewitt[,] membre de la Chambre des Representants a Washington[,] A.H. 1032 - 1884 A.D."$5NNU
=650  \0$aIslamic philosophy.
=650  \7$aIslamic philosophy.$2fast$0(OCoLC)fst01730358
=700  0\$6880-06$aḤunayn ibn Isḥāq al-ʻIbādī,$d809?-873.
=700  1\$aHewitt, Abram S.$q(Abram Stevens),$d1822-1903,$edonor.$5NNU
=700  0\$aAbdülhamid$bII,$cSultan of the Turks,$d1842-1918.$5NNU
=710  2\$6880-07$aMaṭbaʻat al-Jawāʼib.
=730  02$6880-08$aQiṣṣat Salāmān wa-Absāl.
=880  0\$6100-01/$aابن سينا.
=880  10$6245-02/$aتسع رسائل.
=880  10$6245-03/$aتسع رسايل في الحكمة والطبيعيات /$cتأليف أبي علي الحسين عبد الله بن سينا. وفي آخره قصة سلامان وأبسال / ترجمه من اليونانية حنين بن إسحاق.
=880  \\$6250-04/$aالطبعة 1.
=880  \\$6260-05/$aقسطنطينية :$bمطبعة الجوائب،$c1298 [1880 أو 1881]
=880  0\$6700-06/$aحنين بن إسحاق العبادي.
=880  2\$6710-07/$aمطبعة الجوائب.
=880  0\$6730-08/$aقصة سلامان وأبسال.
=852  0\$bBFALE$cFALES$hB751.A35$iT5 1880$aNNU
=994  \\$aZ0$bZYU

