=LDR  02626nam a2200361 i 4500
=001  004237722
=004  004237722
=005  20161101101022.0
=008  160223s1880\\\\tu\af\\\\\\\\\000\0\ota\d
=040  \\$aNNU$beng$erda$cNNU
=043  \\$aa-tu---
=050  \4$aU43.T9$bC46 1880
=100  1\$6880-01$aCemîl, İsmâʻîl,$eauthor.
=245  10$6880-02$aMuḥârebe laġımları :$bistiḥkâm ṣınıfının üçüncü senesine maḫṣûṣdur /$ces̲er-i İsmâʻîl Cemîl.
=250  \\$6880-03$aṬabʻ-ı evvel
=264  \1$6880-04$aİstanbul :$bṢaḥḥâf-ı ʻAskerî,$c1297 [1880]
=300  \\$a381 pages :$billustrations, folded plates ;$c20 cm.
=336  \\$atext$2rdacontent
=337  \\$aunmediated$2rdamedia
=338  \\$avolume$2rdacarrier
=500  \\$aSpecCol. c. 1 is bound in red leather, has watered silk endpaper and gilded edges. On front cover there are dedicatory inscriptions in Gold Ottoman Turkish and the sultanic seal (tuğra). The inscription in Ottoman Turkish reads: "el-sulṭân ibn el-sulṭân el-sulṭân al-ġâzî 'Abdülḥamîd Ḫân ḥażretlerının ṭaraf-i eşref mulûkânelerinden Vashington'da meclis-i mebʻûs̲an aʻżâʾından musyu Huvit ḥażretlerine ihdâ ettirilmiştir." On the back cover there are dedicatory inscriptions in English and French in gold and the symbol of the Ottoman state. The inscription in English reads: "Gift made by H.I.M. the Sultan Abdul-Hamid II to the honorable A.S. Hewitt[,] member of the House of Representatives in Washington[,] A.H. 1302 - 1884 A.D." The inscription in French reads: "Don fait par S.M.I le Sultan Abdul-Hamid II. a l'honorable M.A.S. Hewitt[,] membre de la Chambre des Representants a Washington[,] A.H. 1032 - 1884 A.D."$5NNU
=500  \\$aSpecCol. c. 1 was a gift of Abram Hewitt to the University of the City of New York. Accession number 7957L$5NNU
=510  4\$aÖzege, M.S. Eski harflerle,$c14092
=650  \0$aMines (Military explosives)
=650  \0$aMines (Military explosives)$zTurkey$y19th century.
=650  \0$aMilitary art and science$zTurkey$y19th century.
=700  1\$aHewitt, Abram S.$q(Abram Stevens),$d1822-1903,$edonor.$5NNU
=700  0\$aAbdülhamid$bII,$cSultan of the Turks,$d1842-1918.$5NNU
=880  1\$6100-01/$aجميل, اسماعيل.
=880  10$6245-02/$aمحاربه لغملرى :$bاستحكام صنفنك اوچنجو سنهسنه مخصوصدر \$cاثر اسماعيل جميل.
=880  \\$6250-03/$aطبع اول.
=880  \1$6264-04/$aاستانبول :$bصحاف عسكرى,$c1297 [1880]
=852  0\$aNNU$bBFALE$cFALEF$hU43.T9$iC46 1880$mNon-circulating$t1

