=LDR  03390cam a2200445 i 4500
=001  004237750
=003  OCoLC
=004  004237750
=005  20161101101040.0
=008  160223s1880\\\\tu\\\\\\\\\\\\000\0\ota\d
=035  \\$a(OCoLC)25654494
=040  \\$aPUL$beng$erda$cPUL$dOCL$dOCLCG$dOCLCQ$dOCLCF$dOCLCO$dOCLCQ$dNNU
=041  1\$aota$hfre
=050  \4$aPC3552$b.C43 1880
=100  1\$aChapsal,$cM.$q(Charles Pierre),$d1788-1858,$eauthor.
=245  10$6880-01$aŞapsal nam sarf-ı Fransavı̂nin Fransızca ile karışık Türkçeye tercumesi /$cmütercimi Maksut Manuk Aşcıyan = Traduction de la grammaire française en turc / par Maksoud M. Achdjian.
=246  3\$aTraduction de la grammaire française en turc
=264  \1$6880-02$aİstanbul :$bKasbar,$c1298 [1880 or 1881] ;$a(İstanbul :$bMahmut Bey'in Matbaası
=300  \\$a173 pages ;$c19 cm
=336  \\$atext$btxt$2rdacontent
=337  \\$aunmediated$bn$2rdamedia
=338  \\$avolume$bnc$2rdacarrier
=500  \\$aTurkish in Arabic script and French.
=500  \\$aTranslation from French.
=500  \\$aSpecCol. c. 1 is bound in red leather, has watered silk endpaper and gilded edges. On front cover there are dedicatory inscriptions in Gold Ottoman Turkish and the sultanic seal (tuğra). The inscription in Ottoman Turkish reads: "el-sulṭân ibn el-sulṭân el-sulṭân al-ġazi 'Abdülḥamîd Ḫân ḥażretlerının ṭaraf-i eşref mulûkânelerinden Vashington'da meclis-i mebʻûs̲an aʻżâʾından musyu Huvit ḥażretlerine ihdâ ettirilmiştir." On the back cover there are dedicatory inscriptions in English and French in gold and the symbol of the Ottoman state. The inscription in English reads: "Gift made by H.I.M. the Sultan Abdul-Hamid II to the honorable A.S. Hewitt[,] member of the House of Representatives in Washington[,] A.H. 1302 - 1884 A.D." The inscription in French reads: "Don fait par S.M.I le Sultan Abdul-Hamid II. a l'honorable M.A.S. Hewitt[,] membre de la Chambre des Representants a Washington[,] A.H. 1032 - 1884 A.D."$5NNU
=500  \\$aSpecCol. c. 1 was a gift of Abram Hewitt to the University of the City of New York. Accession number 7919L$5NNU
=510  4\$aÖzege, M.S. Eski harflerle$c18587
=650  \0$aFrench language$vTextbooks for foreign speakers$xTurkish.
=650  \0$aFrench language$xGrammar.
=650  \7$aFrench language.$2fast$0(OCoLC)fst00934333
=650  \7$aFrench language$xGrammar.$2fast$0(OCoLC)fst00934446
=655  \7$aTextbooks$vfor Turkish speakers.$2fast$0(OCoLC)fst01424342
=700  0\$aMaksut Manuk Aşcıyan.
=776  08$iOnline version:$aChapsal, M. (Charles Pierre), 1788-1858.$tŞapsal nam sarf-ı Fransavı̂nin Fransızca ile karışık Türkçeye tercumesi.$dİstanbul : Kasbar, 1298 [1880 or 1881] (İstanbul : Mahmut Bey'in Matbaası$w(OCoLC)780193442
=700  1\$aHewitt, Abram S.$q(Abram Stevens),$d1822-1903,$edonor.$5NNU
=700  0\$aAbdülhamid$bII,$cSultan of the Turks,$d1842-1918.$5NNU
=880  10$6245-01/$aشاپسال نام صرف فرانسوينك فرانسزجه ايله قاريشيق تركجهيه ترجمهسى \$cمترجمى مقصود مانوق آشجيان.
=880  \1$6264-02/$aاستانبول :$bقصبار,$c1298 [1880 or 1881] ;$aاستانبول :$bمحمود بك مطبعهسى,
=852  0\$aNNU$bBFALE$cFALEF$hPC3552$i.C43 1880$mNon-circulating$t1
=994  \\$aZ0$bZYU

