=LDR  02580nam a2200373 i 4500
=001  004266381
=004  004266381
=005  20160329125752.0
=008  160329s1880\\\\tu\\\\\\\\\\\\000\f\ota\d
=040  \\$aNNU$beng$erda$cNNU
=043  \\$aa-tu---
=050  \4$aPQ2231$b.D3619 1880
=100  1\$aDumas, Alexandre,$d1824-1895,$eauthor.
=240  13$aLa dame aux perles.$lOttoman Turkish.
=245  10$6880-01$aİncili h̲ânım /$cmuḥarriri Alexander Duma Zâde; mütercimi Meḥmet Ṭâhir.
=250  \\$6880-02$aİlk defe.
=264  \1$6880-03$aİstanbul :$bMaṭbaʻa-yi Esʻat ʻİzzet,$c1298 [1880 or 1881]
=300  \\$a340 pages ;$c24 cm.
=336  \\$atext$2rdacontent
=337  \\$aunmediated$2rdamedia
=338  \\$avolume$2rdacarrier
=500  \\$aSpecCol. c. 1 is bound in red leather, has watered silk endpaper and gilded edges. On front cover there are dedicatory inscriptions in Gold Ottoman Turkish and the sultanic seal (tuğra). The inscription in Ottoman Turkish reads: "el-sulṭân ibn el-sulṭân el-sulṭân al-ġâzî 'Abdülḥamîd H̲ân ḥażretlerının ṭaraf-i eşref mulûkânelerinden Vashington'da meclis-i mebʻûs̲an aʻżâʾından musyu Huvit ḥażretlerine ihdâ ettirilmiştir." On the back cover there are dedicatory inscriptions in English and French in gold and the symbol of the Ottoman state. The inscription in English reads: "Gift made by H.I.M. the Sultan Abdul-Hamid II to the honorable A.S. Hewitt[,] member of the House of Representatives in Washington[,] A.H. 1302 - 1884 A.D." The inscription in French reads: "Don fait par S.M.I le Sultan Abdul-Hamid II. a l'honorable M.A.S. Hewitt[,] membre de la Chambre des Representants a Washington[,] A.H. 1032 - 1884 A.D."$5NNU
=500  \\$aSpecCol. c. 1 was a gift of Abram Hewitt to the Library of New York University. Accession number 30473.$5NNU
=510  4\$aÖzege, M.S. Eski harflerle,$c17923
=546  \\$aTurkish in Arabic script.
=650  \0$aFrench literature$zTurkey$y19th century.
=700  1\$aHewitt, Abram S.$q(Abram Stevens),$d1822-1903,$edonor.$5NNU
=700  0\$aAbdülhamid$bII,$cSultan of the Turks,$d1842-1918.$5NNU
=700  0\$6880-04$aMehmet Tahir,$etranslator.
=880  10$6245-01/$aانجولى خانم \$cمحررى علكساندر دوما زاده؛ مترجمى محمد طاهر.
=880  \\$6250-02/$aايلك دفعه.
=880  \1$6264-03/$aاستانبول :$bمطبعهۀ اسعد عزت,$c1298 [1880 or 1881]
=880  0\$6700-04/$aمحمد طاهر.
=852  0\$aNNU$bBFALE$cFALEF$hPQ2231$i.D3619 1880$mNon-circulating$t1

