=LDR  02963cas a22004455i 4500
=001  004310419
=003  OCoLC
=005  20160526161021.0
=007  ta
=008  160524d18801912tu\uu\p\\\\\\\0\\\\0ota\d
=035  \\$a(OCoLC)312957342
=040  \\$aCGU$beng$erda$cCGU$dOCLCF$dOCLCO
=043  \\$aa-tu---
=050  \4$aDR401$b.M43
=245  00$6880-01$aMecmua-yi Ebüżżiya
=264  \1$6880-02$aḲosṭanṭiniye [Istanbul] :$bMihran Maṭbaası,$c1297-1330 [1880-1912]
=300  \\$a15 v. in 8.$c22 cm.
=310  \\$aWeekly
=336  \\$atext$2rdacontent
=337  \\$aunmediated$2rdamedia
=338  \\$avolume$2rdacarrier
=362  0\$aCilt 1-15 (Cüz 1-159); 15 Ramazan 1297-1330 [Aug. 22, 1880-1912]
=500  \\$aSpecCol. c. 1 is bound in red leather, has watered silk endpaper and gilded edges. On front cover there are dedicatory inscriptions in Gold Ottoman Turkish and the sultanic seal (tuğra). The inscription in Ottoman Turkish reads: "el-sulṭân ibn el-sulṭân el-sulṭân al-ġâzî 'Abdülḥamîd H̲ân ḥażretlerının ṭaraf-i eşref mulûkânelerinden Vashington'da meclis-i mebʻûs̲an aʻżâʾından musyu Huvit ḥażretlerine ihdâ ettirilmiştir." On the back cover there are dedicatory inscriptions in English and French in gold and the symbol of the Ottoman state. The inscription in English reads: "Gift made by H.I.M. the Sultan Abdul-Hamid II to the honorable A.S. Hewitt[,] member of the House of Representatives in Washington[,] A.H. 1302 - 1884 A.D." The inscription in French reads: "Don fait par S.M.I le Sultan Abdul-Hamid II. a l'honorable M.A.S. Hewitt[,] membre de la Chambre des Representants a Washington[,] A.H. 1032 - 1884 A.D."$5NNU
=500  \\$aSpecCol. c. 1 vol. 1 was a gift of Abram Hewitt to the Library of the University of the City of New York. Accession number 8054L.$5NNU
=500  \\$aSpecCol. c. 1 vol. 2 was a gift of Abram Hewitt to the Library of the University of the City of New York. Accession number 8068L.$5NNU
=500  \\$aSpecCol. c. 1 vol. 3 was a gift of Abram Hewitt to the Library of the University of the City of New York. Accession number 8069L.$5NNU
=651  \0$aTurkey$xCivilization$vPeriodicals.
=650  \7$aCivilization.$2fast$0(OCoLC)fst00862898
=651  \7$aTurkey.$2fast$0(OCoLC)fst01208963
=655  \7$aPeriodicals.$2fast$0(OCoLC)fst01411641
=700  0\$aEbüzziya Tevfik,$d1849-1913.
=700  1\$aHewitt, Abram S.$q(Abram Stevens),$d1822-1903,$edonor.$5NNU
=700  0\$aAbdülhamid$bII,$cSultan of the Turks,$d1842-1918.$5NNU
=776  08$iOnline version:$tMecmua-yi Ebuzziya$w(OCoLC)862790349
=880  00$6245-01/$aمجموعۀ ابو الضيا.
=880  \1$6264-02/$aقسطنطينيه [استانبول] :$bمهران مطبعهسى,$a1297-1330 [1880-1912]
=866  41$lBobst SpecCol$dDR401 .M43$e1605$j1-36$k1880-1883
=852  0\$aNNU$bBFALE$cFALES$hDR401$i.M43$mNon-circulating
=853  20$81$av.$i(year)$wx
=994  \\$aZ0$bZYU

