=LDR  02928nam a2200433 i 4500
=001  004212647
=005  20161101101155.0
=007  ta
=008  151203s1880\\\\tu\b\\\\\b\\\\000\0\ota\d
=040  \\$aNNU$beng$erda$cNNU
=043  \\$aa-tu---
=050  \4$aDR448$b.E84 1880
=100  0\$6880-01$aEthem İbrahim Paşa,$d1818-1893,$eauthor.
=245  10$6880-02$aḤarekât-i cesîme-i 'askeriye /$cmîr livâ-ı arkân-ı ḥarb İbrâhîm Ethem.
=250  \\$6880-03$aTab'-i ûlâ.
=264  \1$6880-04$aIstanbul :$bMekteb-i Fünûn-ı Ḥarbiye-i Şâhâne Maṭba'ası,$c1296 [1880]
=300  \\$aVolumes :$bmaps ;$c21 cm.
=336  \\$atext$2rdacontent
=337  \\$aunmediated$2rdamedia
=338  \\$avolume$2rdacarrier
=500  \\$aSpecCol. c. 1 is bound in red leather, has watered silk endpaper and gilded edges. On front cover there are dedicatory inscriptions in Gold Ottoman Turkish and the sultanic seal (tuğra). The inscription in Ottoman Turkish reads: "el-sulṭân ibn el-sulṭân el-sulṭân al-ġazi 'Abdülḥamîd Ḫân ḥażretlerının ṭaraf-i eşref mulûkânelerinden Vashington'da meclis-i mebʻûs̲an aʻżâʾından musyu Huvit ḥażretlerine ihdâ ettirilmiştir." On the back cover there are dedicatory inscriptions in English and French in gold and the symbol of the Ottoman state. The inscription in English reads: "Gift made by H.I.M. the Sultan Abdul-Hamid II to the honorable A.S. Hewitt[,] member of the House of Representatives in Washington[,] A.H. 1302 - 1884 A.D." The inscription in French reads: "Don fait par S.M.I le Sultan Abdul-Hamid II. a l'honorable M.A.S. Hewitt[,] membre de la Chambre des Representants a Washington[,] A.H. 1032 - 1884 A.D."$5NNU
=500  \\$aSpecCol. c. 1 vol. 1 was a gift of Abram Hewitt to the University of the City of New York. Accession number 7927L$5NNU
=500  \\$aSpecCol. c. 1 vol.2, pt. 1 was a gift of Abram Hewitt to the University of the City of New York. Accession number 7846L$5NNU
=500  \\$aSpecCol. c. 1 vol.2, pt. 2 was a gift of Abram Hewitt to the University of the City of New York. Accession number 7871L$5NNU
=510  4\$aÖzege, M.S. Eski harflerle,$c6914
=651  \0$aTurkey$xHistory$y19th century.
=610  10$aTurkey.$bOrdu$y19th century.
=700  1\$aHewitt, Abram S.$q(Abram Stevens),$d1822-1903,$edonor.$5NNU
=700  0\$aAbdülhamid$bII,$cSultan of the Turks,$d1842-1918.$5NNU
=880  1\$6100-01/$aادهم ابراهيم پاشا,$d1818-1893.
=880  10$6245-02/$aحرکات جسميهٔ عسکريه \$cمير لوا ارکان حرب ابراهيم ادهم​.
=880  \\$6250-03/$aطبع اولی.
=880  \1$6264-04/$aاستانبول :$aمكتب فنون حربيهٔ شاهانه,$a1296 [1880]
=852  0\$aNNU$bBFALE$cFALES$hDR448$i.E84 1880$mNon-circulating
=853  20$81$av.
=853  00$82$av.$bpt
=863  \\$81.1$a1
=863  \\$82.1$a2$b1
=863  \\$82.2$a2$b2

