=LDR  02550nam a2200373 i 4500
=001  004266235
=004  004266235
=005  20160328150354.0
=008  160328s1880\\\\tu\\\\\\\\\\\\000\0\ota\d
=040  \\$aNNU$beng$erda$cNNU
=043  \\$aa-tu---
=050  \4$aQB29$b.F33 1880
=100  1\$aFabre, Jean-Henri,$d1823-1915,$eauthor.
=240  00$aCours de cosmographie.$lOttoman Turkish.
=245  10$6880-01$aSemâ :$byâhût, ḳozmoġrafyâ /$cmüellifi Fabr; mütercimi Aḥmet Cevât.
=264  \1$6880-02$aİstanbul :$bCerîde-yi 'Askeriye Maṭba'ası,$c1296 [1880]
=300  \\$a203 pages :$c25 cm.
=336  \\$atext$2rdacontent
=337  \\$aunmediated$2rdamedia
=338  \\$avolume$2rdacarrier
=500  \\$aSpecCol. c. 1 is bound in red leather, has watered silk endpaper and gilded edges. On front cover there are dedicatory inscriptions in Gold Ottoman Turkish and the sultanic seal (tuğra). The inscription in Ottoman Turkish reads: "el-sulṭân ibn el-sulṭân el-sulṭân al-ġâzî 'Abdülḥamîd H̲ân ḥażretlerının ṭaraf-i eşref mulûkânelerinden Vashington'da meclis-i mebʻûs̲an aʻżâʾından musyu Huvit ḥażretlerine ihdâ ettirilmiştir." On the back cover there are dedicatory inscriptions in English and French in gold and the symbol of the Ottoman state. The inscription in English reads: "Gift made by H.I.M. the Sultan Abdul-Hamid II to the honorable A.S. Hewitt[,] member of the House of Representatives in Washington[,] A.H. 1302 - 1884 A.D." The inscription in French reads: "Don fait par S.M.I le Sultan Abdul-Hamid II. a l'honorable M.A.S. Hewitt[,] membre de la Chambre des Representants a Washington[,] A.H. 1032 - 1884 A.D."$5NNU
=500  \\$aSpecCol. c. 1 was a gift of Abram Hewitt to the University of the City of New York. Accession number 7824L$5NNU
=500  \\$aTurkish in Arabic script.
=510  4\$aÖzege, M.S. Eski harflerle,$c17749
=546  \\$aTurksih in Arabic script.
=650  \0$aCosmology.
=650  \0$aCosmology$zTurkey$y19th century.
=700  0\$6880-03$aAḥmet Cevât,$etranslator.
=700  1\$aHewitt, Abram S.$q(Abram Stevens),$d1822-1903,$edonor.$5NNU
=700  0\$aAbdülhamid$bII,$cSultan of the Turks,$d1842-1918.$5NNU
=880  10$6245-01/$aسما :$bياخود قوزموغرفيا \$cمؤلفى فابر؛ مترجمى احمد جواد.
=880  \1$6264-02/$aاستانبول :$aجريده عسكريه مطبعهسى,$a1296 [1880]
=880  0\$6700-03/$aاحمد جواد.
=852  0\$aNNU$bBFALE$cFALES$hQB29$i.F33 1880$mNon-circulating$t1

