=LDR  02422nam a2200325 i 4500
=001  004237272
=004  004237272
=005  20161101101212.0
=008  160222s1880\\\\tu\\\\\\\\\\\\000\0\ota\d
=040  \\$aNNU$beng$erda$cNNU
=050  \4$aU769$b.H13419 1880
=100  1\$aHackländer, F. W.$q(Friedrich Wilhelm),$d1816-1877,$eauthor.
=240  03$aLa vie militaire en Prusse.$lOttoman Turkish.
=245  10$6880-01$aPrusyâ'da ʻaskerlik ʻâlemi /$cmütercimi M. Tevfîḳ.
=264  \1$6880-02$aİstanbul :$bCeride-yi ʻAskeriye Maṭbaʻası,$c1298 [1880 or 1881]
=300  \\$a175 pages ;$c24 cm.
=336  \\$atext$2rdacontent
=337  \\$aunmediated$2rdamedia
=338  \\$avolume$2rdacarrier
=500  \\$aSpecCol. c. 1 is bound in red leather, has watered silk endpaper and gilded edges. On front cover there are dedicatory inscriptions in Gold Ottoman Turkish and the sultanic seal (tuğra). The inscription in Ottoman Turkish reads: "el-sulṭân ibn el-sulṭân el-sulṭân al-ġâzî 'Abdülḥamîd Ḫân ḥażretlerının ṭaraf-i eşref mulûkânelerinden Vashington'da meclis-i mebʻûs̲an aʻżâʾından musyu Huvit ḥażretlerine ihdâ ettirilmiştir." On the back cover there are dedicatory inscriptions in English and French in gold and the symbol of the Ottoman state. The inscription in English reads: "Gift made by H.I.M. the Sultan Abdul-Hamid II to the honorable A.S. Hewitt[,] member of the House of Representatives in Washington[,] A.H. 1302 - 1884 A.D." The inscription in French reads: "Don fait par S.M.I le Sultan Abdul-Hamid II. a l'honorable M.A.S. Hewitt[,] membre de la Chambre des Representants a Washington[,] A.H. 1032 - 1884 A.D."$5NNU
=500  \\$aSpecCol. c. 1 was a gift of Abram Hewitt to the University of the City of New York. Accession number 8005L$5NNU
=510  4\$aÖzege, M.S. Eski harflerle,$c16437
=610  10$aPrussia (Germany).$bArmee$xMilitary life.
=700  1\$6880-03$aM. Tevfik,$etranslator.
=700  1\$aHewitt, Abram S.$q(Abram Stevens),$d1822-1903,$edonor.$5NNU
=700  0\$aAbdülhamid$bII,$cSultan of the Turks,$d1842-1918.$5NNU
=880  10$6245-01/$aپرو سياده عسكرلك عالمى \$cمترجمى م. توفيق.
=880  \1$6264-02/$aاستانبول :$bجريدهٔ عسكريه مطبعهسى,$c1298 [1880 or 1881]
=880  1\$6700-03/$aم. توفيق.
=852  0\$aNNU$bBFALE$cFALES$hU769$i.H13419 1880$mNon-circulating$t1

