=LDR  02027cas a22003135  4500
=001  004305495
=003  OCoLC
=005  20160523163406.0
=007  ta
=008  160518u1880uuuutu\uu\|\\\\\\\0\\\f0otard
=035  \\$a(OCoLC)269197233
=040  \\$aCSt-H$cHIN
=050  \4$aPL201$b.E583
=245  00$6880-01$aEnvar-i şarkiye.
=264  \1$aİstanbul :$a1298-./[1880-]
=300  \\$aVolumes ;$c19 cm.
=336  \\$atext$2rdacontent
=337  \\$aunmediated$2rdamedia
=338  \\$avolumes$2rdacarrier
=500  \\$aSpecCol. c. 1 is bound in red leather, has watered silk endpaper and gilded edges. On front cover there are dedicatory inscriptions in Gold Ottoman Turkish and the sultanic seal (tuğra). The inscription in Ottoman Turkish reads: "el-sulṭân ibn el-sulṭân el-sulṭân al-ġâzî 'Abdülḥamîd H̲ân ḥażretlerının ṭaraf-i eşref mulûkânelerinden Vashington'da meclis-i mebʻûs̲an aʻżâʾından musyu Huvit ḥażretlerine ihdâ ettirilmiştir." On the back cover there are dedicatory inscriptions in English and French in gold and the symbol of the Ottoman state. The inscription in English reads: "Gift made by H.I.M. the Sultan Abdul-Hamid II to the honorable A.S. Hewitt[,] member of the House of Representatives in Washington[,] A.H. 1302 - 1884 A.D." The inscription in French reads: "Don fait par S.M.I le Sultan Abdul-Hamid II. a l'honorable M.A.S. Hewitt[,] membre de la Chambre des Representants a Washington[,] A.H. 1032 - 1884 A.D."$5NNU
=500  \\$aSpecCol. c. 1 vol. 1 was a gift of Abram Hewitt to the University of the City of New York. Accession number 7917L$5NNU
=650  \0$aTurkish literature$vPeriodicals.
=700  1\$aHewitt, Abram S.$q(Abram Stevens),$d1822-1903,$edonor.$5NNU
=700  0\$aAbdülhamid$bII,$cSultan of the Turks,$d1842-1918.$5NNU
=880  00$6245-01/$aانوار شرقيه.
=866  41$lBobst SpecCol$dPL201 .E583$e1605$j1-5$k1882
=852  0\$aNNU$bBFALE$cFALES$hPL201$i.E583$mNon-circulating
=853  20$81$ano.$i(year)$wx
=994  \\$aZ0$bZYU

