=LDR  02417cam a2200337 i 4500
=001  004213770
=003  OCoLC
=004  004213770
=005  20161101101252.0
=008  151209s1880\\\\tu\\\\\\\\\\\\000\0\ota\d
=035  \\$a(OCoLC)680043712
=040  \\$aCLU$beng$cCLU$dOCLCQ$dNNU
=050  \4$aBP161$b.I24 1880
=100  1\$6880-01$aİçelli, Aḥmed Muh̲t̂ar,$eauthor.
=245  10$6880-02$aRiŝale-yi rehber-i necât /$cAḥmet Muḫtâr [İçelli].
=264  \1$6880-03$a[İstanbul] :$b[Mekteb-i ṣanâyi-i şâĥane maṭba'ası],$c1297-1300 [1880-1883]
=300  \\$a3 volumes in 1 ;$c23 cm
=336  \\$atext$btxt$2rdacontent
=337  \\$aunmediated$bn$2rdamedia
=338  \\$avolume$bnc$2rdacarrier
=500  \\$aSpecCol. c. 1 is bound in red leather, has watered silk endpaper and gilded edges. On front cover there are dedicatory inscriptions in Gold Ottoman Turkish and the sultanic seal (tuğra). The inscription in Ottoman Turkish reads: "el-sulṭân ibn el-sulṭân el-sulṭân al-ġazi 'Abdülḥamîd Ḫân ḥażretlerının ṭaraf-i eşref mulûkânelerinden Vashington'da meclis-i mebʻûs̲an aʻżâʾından musyu Huvit ḥażretlerine ihdâ ettirilmiştir." On the back cover there are dedicatory inscriptions in English and French in gold and the symbol of the Ottoman state. The inscription in English reads: "Gift made by H.I.M. the Sultan Abdul-Hamid II to the honorable A.S. Hewitt[,] member of the House of Representatives in Washington[,] A.H. 1302 - 1884 A.D." The inscription in French reads: "Don fait par S.M.I le Sultan Abdul-Hamid II. a l'honorable M.A.S. Hewitt[,] membre de la Chambre des Representants a Washington[,] A.H. 1032 - 1884 A.D."$5NNU
=500  \\$aSpecCol. c. 1 was a gift of Abram Hewitt to the University of the City of New York. Accession number 8016L$5NNU
=510  4\$aÖzege, M.S. Eski harflerle ;$c16973
=650  \0$aIslam$xDoctrines.
=700  1\$aHewitt, Abram S.$q(Abram Stevens),$d1822-1903,$edonor.$5NNU
=700  0\$aAbdülhamid$bII,$cSultan of the Turks,$d1842-1918.$5NNU
=880  1\$6100-01/$aایچ ایلی٫ احمد مختار.
=880  10$6245-02/$aرسالهٔ رهبر نجات \$cاحمد مختار [ایچ ایلی].
=880  \1$6264-03/$a[استانبول :]$b[مكتب صنائع شاهانه مطبعهسي],$c1297-1300 [1880-1883]
=852  0\$aNNU$bBFALE$cFALES$hBP161$i.I24 1880$mNon-circulating$t1
=994  \\$aZ0$bZYU

