=LDR  02818cam a22004095i 4500
=001  004273688
=003  OCoLC
=004  004273688
=005  20160415164504.0
=008  160415m18801881tu\\\\\\\\\\\\000\0\ara\d
=035  \\$a(OCoLC)863263047
=040  \\$aEQO$beng$erda$cEQO$dOCLCO$dNDD$dOCLCF$dOCLCQ
=050  \4$aPJ7621$b.I5 1880
=066  \\$c(3
=100  0\$6880-01$aIkhtiyār al-Dīn ibn Ghiyāth al-Dīn,$d-1521 or 1522,$eauthor.
=240  10$6880-02$aAsās al-iqtibās
=245  10$6880-03$aKitāb Asās al-iqtibās /$cjamʻ Ikhtiyār al-Dīn ibn Ghiyāth al-Dīn al-Ḥusaynī.
=264  \1$6880-04$aIstānbūl :$bMaṭbaʻat Mihrān,$c1298-1299 [1880-1881]
=300  \\$a12, [4], [188], 4 pages ;$c21 cm
=336  \\$atext$btxt$2rdacontent
=337  \\$aunmediated$bn$2rdamedia
=338  \\$avolume$bnc$2rdacarrier
=500  \\$aSpecCol. c. 1 is bound in red leather, has watered silk endpaper and gilded edges. On front cover there are dedicatory inscriptions in Gold Ottoman Turkish and the sultanic seal (tuğra). The inscription in Ottoman Turkish reads: "el-sulṭân ibn el-sulṭân el-sulṭân al-ġâzî 'Abdülḥamîd H̲ân ḥażretlerının ṭaraf-i eşref mulûkânelerinden Vashington'da meclis-i mebʻûs̲an aʻżâʾından musyu Huvit ḥażretlerine ihdâ ettirilmiştir." On the back cover there are dedicatory inscriptions in English and French in gold and the symbol of the Ottoman state. The inscription in English reads: "Gift made by H.I.M. the Sultan Abdul-Hamid II to the honorable A.S. Hewitt[,] member of the House of Representatives in Washington[,] A.H. 1302 - 1884 A.D." The inscription in French reads: "Don fait par S.M.I le Sultan Abdul-Hamid II. a l'honorable M.A.S. Hewitt[,] membre de la Chambre des Representants a Washington[,] A.H. 1032 - 1884 A.D."$5NNU
=500  \\$aSpecCol. c. 1 was a gift of Abram Hewitt to the Library of the University of the City of New York. Accession number 7948L.$5NNU
=650  \0$aArabic literature$xMiscellanea.
=650  \7$aArabic literature.$2fast$0(OCoLC)fst00812478
=655  \7$aMiscellanea.$2fast$0(OCoLC)fst01423854
=700  1\$aHewitt, Abram S.$q(Abram Stevens),$d1822-1903,$edonor.$5NNU
=700  0\$aAbdülhamid$bII,$cSultan of the Turks,$d1842-1918.$5NNU
=710  2\$6880-05$aMaṭbaʻat Mihrān.
=880  0\$6100-01/$aاختيار الدين بن غياث الدين.
=880  10$6240-02/$aأساس الإقتباس
=880  10$6245-03/$aكتاب أساس الإقتباس /$cجمع اختيار الدين بن السيد غياث الدين الحسيني.
=880  \1$6264-04/$aإستانبول :$bمطبعة مهران،$c٨٩٢١-٩٩٢١ [٠٨٨١-١٨٨١]
=880  2\$6710-05/$aمطبعة مهران.
=852  0\$aNNU$bBFALE$cFALES$hPJ7621$i.I5 1880$mNon-circulating$t1
=994  \\$aZ0$bZYU

