=LDR  03329cam a22005175a 4500
=001  004212649
=003  OCoLC
=005  20161101101859.0
=007  ta
=008  151203m18801881tu\\\\\\\\\\\\000\0\ota\d
=016  7\$a101245141$2DNLM
=035  \\$a(OCoLC)25654151
=040  \\$aPUL$beng$cPUL$dNLM$dOCLCG$dOCLCQ$dOCLCF$dOCLCQ$dOCLCO$dNNU
=041  1\$aota$hfre
=043  \\$aa-tu---
=050  \4$aQM11$b.J36 1880
=100  1\$aJamain, A.$q(Alexandre),$d1816-1862.
=240  10$aNouveau traité élémentaire dʼanatomie descriptive et de préparations anatomiques.$lOttoman Turkish
=245  10$aİlm-i teşrih-i tavsıfı̂ /$cmüellifi A. Jamin ; mütercimi Hasan Mazhar.
=260  \\$aİstanbul :$bMekteb-i Tıbbiye-yi Askeriye Matbaası,$c1296-1297 [1880-1881]
=300  \\$a2 volumes ;$c23 cm
=336  \\$atext$btxt$2rdacontent
=336  \\$atext$btxt$2rdacontent
=337  \\$aunmediated$bn$2rdamedia
=337  \\$aunmediated$bn$2rdamedia
=338  \\$avolume$bnc$2rdacarrier
=338  \\$avolume$bnc$2rdacarrier
=500  \\$aTranslation of: Nouveau traité élémentaire dʼanatomie descriptive et de préparations anatomique.
=500  \\$aVol. 17 contains supplement by translator.
=500  \\$aSpecCol. c. 1 is bound in red leather, has watered silk endpaper and gilded edges. On front cover there are dedicatory inscriptions in Gold Ottoman Turkish and the sultanic seal (tuğra). The inscription in Ottoman Turkish reads: "el-sulṭân ibn el-sulṭân el-sulṭân al-ġazi 'Abdülḥamîd Ḫân ḥażretlerının ṭaraf-i eşref mulûkânelerinden Vashington'da meclis-i mebʻûs̲an aʻżâʾından musyu Huvit ḥażretlerine ihdâ ettirilmiştir." On the back cover there are dedicatory inscriptions in English and French in gold and the symbol of the Ottoman state. The inscription in English reads: "Gift made by H.I.M. the Sultan Abdul-Hamid II to the honorable A.S. Hewitt[,] member of the House of Representatives in Washington[,] A.H. 1302 - 1884 A.D." The inscription in French reads: "Don fait par S.M.I le Sultan Abdul-Hamid II. a l'honorable M.A.S. Hewitt[,] membre de la Chambre des Representants a Washington[,] A.H. 1032 - 1884 A.D."$5NNU
=500  \\$aSpecCol. c. 1 vol. 1 was a gift of Abram Hewitt to the University of the City of New York. Accession number 7986L$5NNU
=500  \\$aSpecCol. c. 1 vol. 2 was a gift of Abram Hewitt to the University of the City of New York. Accession number 7864L
=510  4\$aÖzege, M.S. Eski harflerle,$c9029
=650  \0$aHuman anatomy.
=650  \0$aHuman anatomy$xHistory.
=650  \0$aMedicine$zTurkey$xHistory$y19th century.
=650  12$aAnatomy.
=650  \7$aHuman anatomy.$2fast$0(OCoLC)fst00962785
=700  0\$aHasan Mazhar Paşa,$d1845-1920.
=776  08$iOnline version:$aJamain, A. (Alexandre), 1816-1862.$sNouveau traité élémentaire dʼanatomie descriptive et de préparations anatomiques. Ottoman Turkish.$tİlm-i teşrih-i tavsıfı̂.$dİstanbul : Mekteb-i Tıbbiye-yi Askeriye Matbaası, 1296-1297 [1880-1881]$w(OCoLC)657084005
=700  1\$aHewitt, Abram S.$q(Abram Stevens),$d1822-1903,$edonor.$5NNU
=700  0\$aAbdülhamid$bII,$cSultan of the Turks,$d1842-1918.$5NNU
=852  0\$aNNU$bBFALE$cFALES$hQM11$i.J36 1880$mNon-circulating
=853  20$81$av.
=863  \\$81.1$a1
=863  \\$81.2$a2

