=LDR  02848nam a2200409 i 4500
=001  004206150
=004  004206150
=005  20161101101918.0
=007  ta
=008  151111s1880\\\\tu\\\\\\\\\\\\000\0\ota\d
=040  \\$aNNU$beng$erda$cNNU
=043  \\$aa-tu---
=050  \4$aPC3552$b.K373 1880
=100  1\$6880-01$aKarayan, İstepan,$eauthor.
=245  10$6880-02$aUṣûl-i cedîd üzere tertîp ve tanẓîm edilen iki yüz elli kelime ile tekellüm ve ṣarf-i Fransevî /$ceser-i İstapân.
=264  \1$6880-03$aIstanbul :$bMaṭba'a-yi Aramyan,$c1298 [1880 or 1881]
=300  \\$aVolumes :$c18 cm.
=336  \\$atext$2rdacontent
=337  \\$aunmediated$2rdamedia
=338  \\$avolume$2rdacarrier
=500  \\$aSpecCol. c. 1 is bound in red leather, has watered silk endpaper and gilded edges. On front cover there are dedicatory inscriptions in Gold Ottoman Turkish and the sultanic seal (tuğra). The inscription in Ottoman Turkish reads: "el-sulṭân ibn el-sulṭân el-sulṭân al-ġazi 'Abdülḥamîd Ḫân ḥażretlerının ṭaraf-i eşref mulûkânelerinden Vashington'da meclis-i mebʻûs̲an aʻżâʾından musyu Huvit ḥażretlerine ihdâ ettirilmiştir." On the back cover there are dedicatory inscriptions in English and French in gold and the symbol of the Ottoman state. The inscription in English reads: "Gift made by H.I.M. the Sultan Abdul-Hamid II to the honorable A.S. Hewitt[,] member of the House of Representatives in Washington[,] A.H. 1302 - 1884 A.D." The inscription in French reads: "Don fait par S.M.I le Sultan Abdul-Hamid II. a l'honorable M.A.S. Hewitt[,] membre de la Chambre des Representants a Washington[,] A.H. 1032 - 1884 A.D."$5NNU
=500  \\$aSpecCol. c. 1 vol. 2 (copy 1) was a gift of Abram Hewitt to the University of the City of New York. Accession number 8019L$5NNU
=500  \\$aSpecCol. c. 1 vol. 2 (copy 2) was a gift of Abram Hewitt to the University of the City of New York. Accession number 7889L$5NNU
=510  4\$aÖzege, M.S. Eski harflerle,$c22104
=650  \0$aFrench language$vTextbooks for foreign speakers.
=650  \0$aFrench language$zTurkey.
=650  \0$aFrench language$zTurkey$y19th century.
=700  1\$aHewitt, Abram S.$q(Abram Stevens),$d1822-1903,$edonor.$5NNU
=700  0\$aAbdülhamid$bII,$cSultan of the Turks,$d1842-1918.$5NNU
=880  1\$6100-01/$aقرهيان, استپان.
=880  10$6245-02/$aاصول جديد اوزره ترتيب وتنظيم اديلان ايكى يوز اللى كلمه ايله تكمل وصرف فرانسى \$cاثر استپان.
=880  \1$6264-03/$aاستانبول :$bمطبعهٔ آراميان,$c1298 [1880 or 1881]
=852  0\$aNNU$bBFALE$cFALES$hPC3552$i.K373 1880$mNon-circulating
=853  00$81$av.
=863  \\$81.1$a2
=863  \\$81.2$a2
=852  0\$bBFALE$cFALEF$hPC3552$i.K373 1880$aNNU

