=LDR  02864cam a2200409 i 4500
=001  004265020
=003  OCoLC
=004  004265020
=005  20160323153436.0
=008  160323s1880\\\\tu\\\\\\\\\\\\000\0\arar\
=010  \\$a59034982
=035  \\$a(OCoLC)8856310
=040  \\$aDLC$beng$erda$cWAU$dWAU$dCUS$dOCLCQ$dNNU
=050  04$aPJ7750.K53$bR3 1880
=066  \\$c(3
=100  1\$6880-01$aKhuwārizmī, Abū Bakr Muḥammad ibn al-ʻAbbās,$d-993?,$eauthor.
=245  10$6880-02$aRasāʼil Abī Bakr al-Khuwārizmī.
=250  \\$6880-03$aal-Ṭabʻah 1.
=264  \1$6880-04$aQusṭanṭīnīyah,$bMaṭbaʻat al-Jawāʼib,$c1297 [1880]
=300  \\$a8, 214 pages$c24 cm
=336  \\$atext$btxt$2rdacontent
=337  \\$aunmediated$bn$2rdamedia
=338  \\$avolume$bnc$2rdacarrier
=530  \\$aAlso issued online.
=500  \\$aSpecCol. c. 1 is bound in red leather, has watered silk endpaper and gilded edges. On front cover there are dedicatory inscriptions in Gold Ottoman Turkish and the sultanic seal (tuğra). The inscription in Ottoman Turkish reads: "el-sulṭân ibn el-sulṭân el-sulṭân al-ġâzî 'Abdülḥamîd H̲ân ḥażretlerının ṭaraf-i eşref mulûkânelerinden Vashington'da meclis-i mebʻûs̲an aʻżâʾından musyu Huvit ḥażretlerine ihdâ ettirilmiştir." On the back cover there are dedicatory inscriptions in English and French in gold and the symbol of the Ottoman state. The inscription in English reads: "Gift made by H.I.M. the Sultan Abdul-Hamid II to the honorable A.S. Hewitt[,] member of the House of Representatives in Washington[,] A.H. 1302 - 1884 A.D." The inscription in French reads: "Don fait par S.M.I le Sultan Abdul-Hamid II. a l'honorable M.A.S. Hewitt[,] membre de la Chambre des Representants a Washington[,] A.H. 1032 - 1884 A.D."$5NNU
=500  \\$aSpecCol. c. 1 was a gift of Abram Hewitt to the University of the City of New York. Accession number 7998L$5NNU
=600  10$aKhuwārizmī, Muḥammad ibn al-ʻAbbās,$d934 or 935-993 or 994$vCorrespondence.
=776  08$iOnline version:$aKhuwārizmī, Abū Bakr Muḥammad ibn al-ʻAbbās, -993?$tRasāʼil Abī Bakr al-Khuwārizmī.$bal-Ṭabʻah 1.$dQusṭanṭīnīyah, Maṭbaʻat al-Jawāʼib, 1297 [1880]$w(OCoLC)586067655
=700  1\$aHewitt, Abram S.$q(Abram Stevens),$d1822-1903,$edonor.$5NNU
=700  0\$aAbdülhamid$bII,$cSultan of the Turks,$d1842-1918.$5NNU
=880  1\$6100-01/$a‏خوارزمي، محمد بن العباس،‏,$d‏934 or 5-993 or 994.
=880  10$6240-00/$a‏رسائل.‏
=880  10$6245-02/$a‏رسائل أبي بكر الخوارزمي.
=880  \\$6250-03/$a‏الطبعة 1.
=880  \1$6264-04/$a‏قسطنطينية :‏$b‏مطبعة الجوائب،‏‏‏$c‏‏1297 [1880]
=852  0\$aNNU$bBFALE$cFALES$hPJ7750.K53$iR3 1880$mNon-circulating$t1
=994  \\$aZ0$bZYU

