=LDR  02522nam a2200349 i 4500
=001  004235516
=004  004235516
=005  20161101102743.0
=008  160216s1880\\\\tu\\\\\\\\\\\\000\0\ota\d
=040  \\$aNNU$beng$erda$cNNU
=043  \\$aa-tu---
=050  \4$aPQ1997.G5$bE519 1880
=100  1\$aLe Sage, Alain René,$d1668-1747,$eauthor.
=240  00$aHistoire de Gil Blas de Santillane.$lOttoman Turkish.
=245  10$6880-01$aSegütz̲eşt-i Jîl Blâs /$cmüellifi Lu Sâj; mütercimi İstibân.
=264  \1$6880-02$aİstanbul :$bMaṭbaʻa-yı Ârâmyân,$c1298 [1880 or 1881]
=300  \\$a58 pages ;$c18 cm.
=336  \\$atext$2rdacontent
=337  \\$aunmediated$2rdamedia
=338  \\$avolume$2rdacarrier
=500  \\$aSpecCol. c. 1 is bound in red leather, has watered silk endpaper and gilded edges. On front cover there are dedicatory inscriptions in Gold Ottoman Turkish and the sultanic seal (tuğra). The inscription in Ottoman Turkish reads: "el-sulṭân ibn el-sulṭân el-sulṭân al-ġâzî 'Abdülḥamîd Ḫân ḥażretlerının ṭaraf-i eşref mulûkânelerinden Vashington'da meclis-i mebʻûs̲an aʻżâʾından musyu Huvit ḥażretlerine ihdâ ettirilmiştir." On the back cover there are dedicatory inscriptions in English and French in gold and the symbol of the Ottoman state. The inscription in English reads: "Gift made by H.I.M. the Sultan Abdul-Hamid II to the honorable A.S. Hewitt[,] member of the House of Representatives in Washington[,] A.H. 1302 - 1884 A.D." The inscription in French reads: "Don fait par S.M.I le Sultan Abdul-Hamid II. a l'honorable M.A.S. Hewitt[,] membre de la Chambre des Representants a Washington[,] A.H. 1032 - 1884 A.D."$5NNU
=500  \\$aSpecCol. c. 1 was a gift of Abram Hewitt to the University of the City of New York. Accession number 8091L$5NNU
=510  4\$aÖzege, M.S. Eski harflerle,$c16667
=600  10$aLe Sage, Alain René,$d1668-1747.$tHistoire de Gil Blas de Santillane.
=650  \0$aFrench literature$zTurkey$y19th century.
=700  1\$6880-04$aİstibân,$etranslator.
=700  1\$aHewitt, Abram S.$q(Abram Stevens),$d1822-1903,$edonor.$5NNU
=700  0\$aAbdülhamid$bII,$cSultan of the Turks,$d1842-1918.$5NNU
=880  10$6245-01/$aسركذشت ژيل بلاس \$cمؤلفى لو ساژ؛ مترجمى استپان.
=880  \1$6264-02/$aاستانبول :$bمطبعهٔ آراميان,$c1298 [1880 or 1881]
=880  1\$6700-04/$aاستپان.
=852  0\$aNNU$bBFALE$cFALEF$hPQ1997.G5$iE519 1880$mNon-circulating$t1

