=LDR  02688cam a22003855i 4500
=001  004266382
=003  OCoLC
=004  004266382
=005  20160329131555.0
=008  160329s1880\\\\tu\\\\\\\\\\\\000\0\ota\d
=035  \\$a(OCoLC)83110468
=040  \\$aNjP$beng$erda$cPUL$dOCLCQ$dOCLCF$dOCLCO$dNNU
=050  \4$aBJ1291$b.M44 1880
=100  0\$6880-01$aMehmet Sait,$cEfendi,$eauthor.
=245  10$6880-02$aAhlâk-i hamîde /$ceser-i Mehmet Sait.
=264  \1$6880-03$aİstanbul :$bElcevaip matbaası,$c1297 [1880 or 1881]
=300  \\$a84 pages ;$c19 cm
=336  \\$atext$btxt$2rdacontent
=337  \\$aunmediated$bn$2rdamedia
=338  \\$avolume$bnc$2rdacarrier
=500  \\$aBased on al-Ījī's al-Akhlāq al-ʻaḍudīyah, on Taşköprüzade's commentary of this work, and on extracts from Ghazzālī's Iḥyā ʻulūm al-dīn.
=500  \\$aSpecCol. c. 1 is bound in red leather, has watered silk endpaper and gilded edges. On front cover there are dedicatory inscriptions in Gold Ottoman Turkish and the sultanic seal (tuğra). The inscription in Ottoman Turkish reads: "el-sulṭân ibn el-sulṭân el-sulṭân al-ġâzî 'Abdülḥamîd H̲ân ḥażretlerının ṭaraf-i eşref mulûkânelerinden Vashington'da meclis-i mebʻûs̲an aʻżâʾından musyu Huvit ḥażretlerine ihdâ ettirilmiştir." On the back cover there are dedicatory inscriptions in English and French in gold and the symbol of the Ottoman state. The inscription in English reads: "Gift made by H.I.M. the Sultan Abdul-Hamid II to the honorable A.S. Hewitt[,] member of the House of Representatives in Washington[,] A.H. 1302 - 1884 A.D." The inscription in French reads: "Don fait par S.M.I le Sultan Abdul-Hamid II. a l'honorable M.A.S. Hewitt[,] membre de la Chambre des Representants a Washington[,] A.H. 1032 - 1884 A.D."$5NNU
=500  \\$aSpecCol. c. 1 was a gift of Abram Hewitt to the Library of New York University. Accession number 30426$5NNU
=510  4\$aÖzege, M.S. Eski harflerle,$c244
=546  \\$aTurkish in Arabic script.
=650  \0$aIslamic ethics.
=650  \7$aIslamic ethics.$2fast$0(OCoLC)fst00979936
=700  1\$aĪjī, ʻAḍud al-Dīn ʻAbd al-Raḥmān ibn Aḥmad,$d-1355?$tAkhlāq al-ʻaḍudīyah.
=700  1\$aHewitt, Abram S.$q(Abram Stevens),$d1822-1903,$edonor.$5NNU
=700  0\$aAbdülhamid$bII,$cSultan of the Turks,$d1842-1918.$5NNU
=880  0\$6100-01/$aمحمد سعيد$cافندى.
=880  10$6245-02/$aاخلاق حميده \$cاثر محمد سعيد.
=880  \1$6264-03/$aاستانبول :$bالجوائب مطبعهسى,$c1297 [1880 or 1881]
=852  0\$aNNU$bBFALE$cFALEF$hBJ1291$i.M44 1880$mNon-circulating$t1
=994  \\$aZ0$bZYU

