=LDR  02599cam a2200409 a 4500
=001  004261726
=003  OCoLC
=005  20160311125506.0
=007  ta
=008  160311m18801884tu\\\\\\\\\\\\000\0\ota\d
=035  \\$a(OCoLC)219047643
=040  \\$aOTU$beng$erda$cUTO$dOCLCG$dNDD$dOCLCF$dOCLCQ$dNNU
=050  \4$aD20$b.M68 1880
=066  \\$c(3
=100  0\$6880-01$aMizancı Murad,$d1853-1914?
=245  10$6880-02$aTarih-i 'umumi /$ceser-i Mehmet Murat.
=260  \\$6880-03$aİstānbūl :$bKitābe-i Ḳarabet,$c[1880-1884]
=300  \\$aVolumes ;$c19 cm
=336  \\$atext$btxt$2rdacontent
=337  \\$aunmediated$bn$2rdamedia
=338  \\$avolume$bnc$2rdacarrier
=546  \\$aOttoman Turkish;$bArabic script.
=500  \\$aSpecCol. c. 1 is bound in red leather, has watered silk endpaper and gilded edges. On front cover there are dedicatory inscriptions in Gold Ottoman Turkish and the sultanic seal (tuğra). The inscription in Ottoman Turkish reads: "el-sulṭân ibn el-sulṭân el-sulṭân al-ġâzî 'Abdülḥamîd H̲ân ḥażretlerının ṭaraf-i eşref mulûkânelerinden Vashington'da meclis-i mebʻûs̲an aʻżâʾından musyu Huvit ḥażretlerine ihdâ ettirilmiştir." On the back cover there are dedicatory inscriptions in English and French in gold and the symbol of the Ottoman state. The inscription in English reads: "Gift made by H.I.M. the Sultan Abdul-Hamid II to the honorable A.S. Hewitt[,] member of the House of Representatives in Washington[,] A.H. 1302 - 1884 A.D." The inscription in French reads: "Don fait par S.M.I le Sultan Abdul-Hamid II. a l'honorable M.A.S. Hewitt[,] membre de la Chambre des Representants a Washington[,] A.H. 1032 - 1884 A.D."$5NNU
=500  \\$aSpecCol. c. 1 vol. 5 was a gift of Abram Hewitt to the Library of New York University. Accession number 30433.$5NNU
=510  4\$aÖzege, M.S. Eski harflerle,$c19936
=650  \0$aWorld history.
=650  \7$aWorld history.$2fast$0(OCoLC)fst01181345
=776  08$iOnline version:$aMizancı Murad, 1853-1914?$tTarih-i 'umumi.$dİstānbūl Kitābei Ḳarabet [1880-1884]$w(OCoLC)868007872
=700  1\$aHewitt, Abram S.$q(Abram Stevens),$d1822-1903,$edonor.$5NNU
=700  0\$aAbdülhamid$bII,$cSultan of the Turks,$d1842-1918.$5NNU
=880  0\$6100-01/$aمحمد مراد،,$d1853-1914?
=880  10$6245-02/$aتاريخ عمومى /$cاثر محمد مراد.
=880  \\$6260-03/$aاستانبول :$bكتابجى قره بت،$c[1880-1884]
=852  0\$aNNU$bBFALE$cFALES$hD20$i.M68 1880$mNon-circulating
=853  00$81$av.
=863  \\$81.1$a5
=994  \\$aZ0$bZYU

