=LDR  02654cam a22003975i 4500
=001  004267187
=003  OCoLC
=004  004267187
=005  20160526163447.0
=008  160330s1880\\\\tu\\\\\\\\\\\\000\0\ota\d
=035  \\$a(OCoLC)37979074
=040  \\$aHLS$beng$erda$cHLS$dOCL$dOCLCQ$dOCLCG$dOCLCQ$dNNU
=041  1\$aota$hfre
=050  \4$aPQ1842$b.A68 1880
=100  1\$aMolière,$d1622-1673,$eauthor.
=240  10$aTartuffe.$lOttoman Turkish
=245  10$6880-01$aRiyanın encamı :$bbeş perdeyi şamil manzum tiyatro /$cmüellifi, Molyer ; mütercimi, Ziya Paşa.
=264  \1$6880-02$aİstanbul :$bVakit Matbaası,$c1298 [1880 or 1881]
=300  \\$a125 pages ;$c20 cm
=336  \\$atext$btxt$2rdacontent
=337  \\$aunmediated$bn$2rdamedia
=338  \\$avolume$bnc$2rdacarrier
=500  \\$aPlay.
=546  \\$aOttoman Turkish translation from French.
=500  \\$aSpecCol. c. 1 is bound in red leather, has watered silk endpaper and gilded edges. On front cover there are dedicatory inscriptions in Gold Ottoman Turkish and the sultanic seal (tuğra). The inscription in Ottoman Turkish reads: "el-sulṭân ibn el-sulṭân el-sulṭân al-ġâzî 'Abdülḥamîd H̲ân ḥażretlerının ṭaraf-i eşref mulûkânelerinden Vashington'da meclis-i mebʻûs̲an aʻżâʾından musyu Huvit ḥażretlerine ihdâ ettirilmiştir." On the back cover there are dedicatory inscriptions in English and French in gold and the symbol of the Ottoman state. The inscription in English reads: "Gift made by H.I.M. the Sultan Abdul-Hamid II to the honorable A.S. Hewitt[,] member of the House of Representatives in Washington[,] A.H. 1302 - 1884 A.D." The inscription in French reads: "Don fait par S.M.I le Sultan Abdul-Hamid II. a l'honorable M.A.S. Hewitt[,] membre de la Chambre des Representants a Washington[,] A.H. 1032 - 1884 A.D."$5NNU
=500  \\$aSpecCol. c. 1 was a gift of Abram Hewitt to the Library of the University of the City of New York. Accession number 7918L$5NNU
=510  4\$aÖzege, M.S. Eski harflerle,$c17009
=700  0\$6880-03$aZiya Paşa,$d1825-1880,$etranslator.
=752  \\$aTurkey$dIstanbul.
=700  1\$aHewitt, Abram S.$q(Abram Stevens),$d1822-1903,$edonor.$5NNU
=700  0\$aAbdülhamid$bII,$cSultan of the Turks,$d1842-1918.$5NNU
=880  10$6245-01/$aريانك انجامى :$bبش پرده شامل منظوم تياترو \$cمؤلفى, موليه ر؛ مترجمى, ضيا پاشا.
=880  \1$6264-02/$aاستانبول :$bوقت مطبعهسى,$c1298 [1880 or 1881]
=880  0\$6700-03/$aضيا پاشا,$d1825-1880.
=852  0\$bBFALE$cFALES$hPQ1842$i.A68 1880$aNNU
=994  \\$aZ0$bZYU

