=LDR  02311nam a2200325 i 4500
=001  004258730
=004  004258730
=005  20161101102800.0
=008  160301s1880\\\\tu\\\\\\\\\\\\000\f\ota\d
=040  \\$aNNU$beng$erda$cNNU
=050  \4$aPL248.N185$bH37 1880
=100  0\$6880-01$aNâbizâde Nâzım,$d1862-1893,$eauthor.
=245  10$6880-02$aḪâṭira-yi şebâb.
=250  \\$6880-03$aBirinci defʻe olarak.
=264  \1$6880-04$aİstanbul :$bMihrân Maṭbaʻası,$c1298 [1880 or 1881]
=300  \\$a39 pages ;$c16 cm.
=336  \\$atext$2rdacontent
=337  \\$aunmediated$2rdamedia
=338  \\$avolume$2rdacarrier
=500  \\$aSpecCol. c. 1 is bound in red leather, has watered silk endpaper and gilded edges. On front cover there are dedicatory inscriptions in Gold Ottoman Turkish and the sultanic seal (tuğra). The inscription in Ottoman Turkish reads: "el-sulṭân ibn el-sulṭân el-sulṭân al-ġâzî 'Abdülḥamîd Ḫân ḥażretlerının ṭaraf-i eşref mulûkânelerinden Vashington'da meclis-i mebʻûs̲an aʻżâʾından musyu Huvit ḥażretlerine ihdâ ettirilmiştir." On the back cover there are dedicatory inscriptions in English and French in gold and the symbol of the Ottoman state. The inscription in English reads: "Gift made by H.I.M. the Sultan Abdul-Hamid II to the honorable A.S. Hewitt[,] member of the House of Representatives in Washington[,] A.H. 1302 - 1884 A.D." The inscription in French reads: "Don fait par S.M.I le Sultan Abdul-Hamid II. a l'honorable M.A.S. Hewitt[,] membre de la Chambre des Representants a Washington[,] A.H. 1032 - 1884 A.D."$5NNU
=500  \\$aSpecCol. c. 1 was a gift of Abram Hewitt to the University of the City of New York. Accession number 8031L$5NNU
=510  4\$aÖzege, M.S. Eski harflerle,$c7025
=504  \\$aIncludes bibliographical references.
=700  1\$aHewitt, Abram S.$q(Abram Stevens),$d1822-1903,$edonor.$5NNU
=700  0\$aAbdülhamid$bII,$cSultan of the Turks,$d1842-1918.$5NNU
=880  0\$6100-01/$aنابيزاده ناظم,$d1862-1893.
=880  10$6245-02/$aخاطرهٔ شباب.
=880  \\$6250-03/$aبرنجى دفعه اولهرق.
=880  \1$6264-04/$aاستانبول :$aمهران مطبعهسى,$c1298 [1880 or 1881]
=852  0\$aNNU$bBFALE$cFALEF$hPL248.N185$iH37 1880$mNon-circulating$t1

