=LDR  02980cam a22003975a 4500
=001  004276311
=003  OCoLC
=004  004276311
=005  20160421114737.0
=008  160421s1880\\\\tu\\\\\\\\\\\\000\0\ara\d
=035  \\$a(OCoLC)777082756
=040  \\$aPUL$beng$erda$cPUL$dOCLCQ$dOCLCO
=050  \4$aPJ7765.H54$bS24 1880
=100  1\$6880-01$aṢāliḥī, Muḥammad ibn Najm al-Dīn,$d1549-1603 or 1604,$eauthor.
=245  10$6880-02$aSajʻ al-ḥamām fī madḥ khayr al-anām /$cli-Abī al-Faḍāʼil Shams al-Dīn Muḥammad al-Ṣāliḥī al-Hilālī.
=250  \\$6880-03$aal-Ṭabʻah 1.
=264  \1$6880-04$aQusṭanṭīnīyah :$bMaṭbaʻat al-Jawāʼib,$c1298 [1880 or 1881]
=300  \\$a87 pages ;$c23 cm
=336  \\$atext$btxt$2rdacontent
=337  \\$aunmediated$bn$2rdamedia
=338  \\$avolume$bnc$2rdacarrier
=500  \\$aSpecCol. c. 1 is bound in red leather, has watered silk endpaper and gilded edges. On front cover there are dedicatory inscriptions in Gold Ottoman Turkish and the sultanic seal (tuğra). The inscription in Ottoman Turkish reads: "el-sulṭân ibn el-sulṭân el-sulṭân al-ġâzî 'Abdülḥamîd H̲ân ḥażretlerının ṭaraf-i eşref mulûkânelerinden Vashington'da meclis-i mebʻûs̲an aʻżâʾından musyu Huvit ḥażretlerine ihdâ ettirilmiştir." On the back cover there are dedicatory inscriptions in English and French in gold and the symbol of the Ottoman state. The inscription in English reads: "Gift made by H.I.M. the Sultan Abdul-Hamid II to the honorable A.S. Hewitt[,] member of the House of Representatives in Washington[,] A.H. 1302 - 1884 A.D." The inscription in French reads: "Don fait par S.M.I le Sultan Abdul-Hamid II. a l'honorable M.A.S. Hewitt[,] membre de la Chambre des Representants a Washington[,] A.H. 1032 - 1884 A.D."$5NNU
=650  \0$aIslamic poetry, Arabic.
=700  1\$aHewitt, Abram S.$q(Abram Stevens),$d1822-1903,$edonor.$5NNU
=700  0\$aAbdülhamid$bII,$cSultan of the Turks,$d1842-1918.$5NNU
=710  2\$6880-05$aMaṭbaʻat al-Jawāʼib,$epublisher.
=776  08$iOnline version:$aṢāliḥī, Muḥammad ibn Najm al-Dīn, 1549-1603 or 4.$tSajʻ al-ḥamām fī madḥ khayr al-anām.$bal-Ṭabʻah 1.$dQusṭanṭīnīyah : Maṭbaʻat al-Jawāʼib, 1298 [1880 or 1881]$w(OCoLC)780207915
=880  1\$6100-01/$aصالهي، محمد بن نجم الدين،$d1549-1603 or 1604.
=880  10$6245-02/$aسجع الحمام في مدح خير الانام /$cلابي الفضائل شمس الدين محمد الصالهي الهلالي.
=880  \\$6250-03/$aالطبعة 1.
=880  \1$6264-04/$aقسطنطينية :$bمطبعة الجوائب،$c1298 [1880 or 1881]
=880  2\$6710-05/$aمطبعة الجوائب.
=830  \0$aPrinceton University Arabic collection ;$vcn. 9302471.05.
=830  \0$aPrinceton University Arabic collection.$pPhase II.
=852  0\$aNNU$bBFALE$cFALES$hPJ7765.H54$iS24 1880$mNon-circulating$t1
=994  \\$aZ0$bZYU

