=LDR  02344nam a2200325 i 4500
=001  004231852
=004  004231852
=005  20161101102025.0
=008  160203s1880\\\\tu\\\\\\\\\\\\000\0\ota\d
=040  \\$aNNU$beng$erda$cNNU
=043  \\$aa-tu---
=050  \4$aBC39.5.T9$bS57 1880
=100  0\$6880-01$aŞirvanlı Ahmet Hamdi Efendi,$d1831?-1890,$eauthor.
=245  10$6880-02$aMuḫtaṣar-i manṭiḳ /$ces̲er-i Aḥmet Ḥamdî.
=264  \1$6880-03$aIstanbul :$bEsʻat Efendi Maṭbaʻası,$c[12]97 [1880]
=300  \\$a40 pages ;$c17 cm.
=336  \\$atext$2rdacontent
=337  \\$aunmediated$2rdamedia
=338  \\$avolume$2rdacarrier
=500  \\$aSpecCol. c. 1 is bound in red leather, has watered silk endpaper and gilded edges. On front cover there are dedicatory inscriptions in Gold Ottoman Turkish and the sultanic seal (tuğra). The inscription in Ottoman Turkish reads: "el-sulṭân ibn el-sulṭân el-sulṭân al-ġazi 'Abdülḥamîd Ḫân ḥażretlerının ṭaraf-i eşref mulûkânelerinden Vashington'da meclis-i mebʻûs̲an aʻżâʾından musyu Huvit ḥażretlerine ihdâ ettirilmiştir." On the back cover there are dedicatory inscriptions in English and French in gold and the symbol of the Ottoman state. The inscription in English reads: "Gift made by H.I.M. the Sultan Abdul-Hamid II to the honorable A.S. Hewitt[,] member of the House of Representatives in Washington[,] A.H. 1302 - 1884 A.D." The inscription in French reads: "Don fait par S.M.I le Sultan Abdul-Hamid II. a l'honorable M.A.S. Hewitt[,] membre de la Chambre des Representants a Washington[,] A.H. 1032 - 1884 A.D."$5NNU
=500  \\$aSpecCol. c. 1 vol. 1 has a gift of Abram Hewitt to the Library of the University of the City of New York. Accession number 8020L$5NNU
=510  4\$aÖzege, M.S. Eski harflerle,$c14243
=650  \0$aLogic$zTurkey$y19th century.
=650  \0$aLogic.
=700  1\$aHewitt, Abram S.$q(Abram Stevens),$d1822-1903,$edonor.$5NNU
=700  0\$aAbdülhamid$bII,$cSultan of the Turks,$d1842-1918.$5NNU
=880  1\$6100-01/$aشروانلو احمد حمدى افندى.
=880  10$6245-02/$aمختصر منطق \$cاثر احمد حمدى.
=880  \1$6264-03/$a] استانبول [:$bاسعد افندى مطبعهسى,$c[12]97 [1880]
=852  0\$aNNU$bBFALE$cFALEF$hBC39.5.T9$iS57 1880$mNon-circulating$t1

