=LDR  02770cam a2200445 i 4500
=001  004238481
=003  OCoLC
=004  004238481
=005  20160224124119.0
=008  160224s1880\\\\tu\\\\\\\\\\\\000\0\otao\
=010  \\$a85146759
=035  \\$a(OCoLC)13581073
=040  \\$aDLC$beng$erda$cDLC$dCUY$dOCLCF$dOCLCQ$dNNU
=043  \\$aa-tu---
=050  00$aDR486$b.S63 1880
=100  1\$aSolakzade, Mehmet Hemdemî Çelebi,$d1590-1657,$eauthor.
=245  10$6880-01$aSolakzade tarihi.
=246  16$aTarih-i Solakzade
=264  \1$6880-02$aİstanbul :$bMahmut Bey Matbaası,$c1298 [1880 or 1881]
=300  \\$a[12], 773 pages ;$c24 cm
=336  \\$atext$btxt$2rdacontent
=337  \\$aunmediated$bn$2rdamedia
=338  \\$avolume$bnc$2rdacarrier
=546  \\$aTurkish;$bArabic script.
=500  \\$aDate on t.p.: 1297.
=500  \\$aSpecCol. c. 1 is bound in red leather, has watered silk endpaper and gilded edges. On front cover there are dedicatory inscriptions in Gold Ottoman Turkish and the sultanic seal (tuğra). The inscription in Ottoman Turkish reads: "el-sulṭân ibn el-sulṭân el-sulṭân al-ġâzî 'Abdülḥamîd H̲ân ḥażretlerının ṭaraf-i eşref mulûkânelerinden Vashington'da meclis-i mebʻûs̲an aʻżâʾından musyu Huvit ḥażretlerine ihdâ ettirilmiştir." On the back cover there are dedicatory inscriptions in English and French in gold and the symbol of the Ottoman state. The inscription in English reads: "Gift made by H.I.M. the Sultan Abdul-Hamid II to the honorable A.S. Hewitt[,] member of the House of Representatives in Washington[,] A.H. 1302 - 1884 A.D." The inscription in French reads: "Don fait par S.M.I le Sultan Abdul-Hamid II. a l'honorable M.A.S. Hewitt[,] membre de la Chambre des Representants a Washington[,] A.H. 1032 - 1884 A.D."$5NNU
=500  \\$aSpecCol. c. 1 was a gift of Abram Hewitt to the University of the City of New York. Accession number 7803L$5NNU
=510  4\$aÖzege, M.S. Eski harflerle,$c18191
=651  \0$aTurkey$xHistory$y1288-1453.
=651  \0$aTurkey$xHistory$y1453-1683.
=651  \7$aTurkey.$2fast$0(OCoLC)fst01208963
=648  \7$a1288 - 1683.$2fast
=655  \7$aHistory.$2fast$0(OCoLC)fst01411628
=776  08$iOnline version:$aSolakzade, Mehmet Hemdemî Çelebi, 1590-1657.$tSolakzade tarihi.$dİstanbul : Mahmut Bey Matbaası, 1298 [1880 or 1881]$w(OCoLC)609916303
=700  1\$aHewitt, Abram S.$q(Abram Stevens),$d1822-1903,$edonor.$5NNU
=700  0\$aAbdülhamid$bII,$cSultan of the Turks,$d1842-1918.$5NNU
=880  10$6245-01/$aصولاق زاده تاريخى.
=880  \1$6264-02/$aاستانبول :$bمحمود بك مطبعهسى,$c1298 [1880 or 1881]
=852  0\$aNNU$bBFALE$cFALES$hDR486$i.S63 1880$mNon-circulating$t1
=994  \\$aZ0$bZYU

