=LDR  02624cam a22004217i 4500
=001  004276319
=003  OCoLC
=004  004276319
=005  20160421123032.0
=008  160421s1880\\\\tu\\\\\\\\\\\\000\0\ara\\
=010  \\$a93969578
=035  \\$a(OCoLC)44102264
=040  \\$aDLC-R$beng$erda$cDLC$dOCLCQ
=042  \\$alccopycat
=050  \4$aPJ7760.S89$bM374 1880
=066  \\$c(3
=100  0\$6880-01$aSuyūṭī,$d1445-1505,$eauthor.
=240  10$6880-02$aMaqāmāt.$kSelections
=245  10$6880-03$aMaqāmāt :$bwa-hiya adabīyah-ṭibbīyah /$cJalāl al-Dīn ʻAbd al-Raḥmān al-Suyūṭī.
=250  \\$6880-04$aal-Ṭabʻah 1.
=260  \\$6880-05$aQusṭanṭīnīyah :$bMaṭbaʻat al-Jawāʼib,$c1298 [1880 or 1881]
=300  \\$a101 pages ;$c21 cm
=336  \\$atext$btxt$2rdacontent
=337  \\$aunmediated$bn$2rdamedia
=338  \\$avolume$bnc$2rdacarrier
=500  \\$aSpecCol. c. 1 is bound in red leather, has watered silk endpaper and gilded edges. On front cover there are dedicatory inscriptions in Gold Ottoman Turkish and the sultanic seal (tuğra). The inscription in Ottoman Turkish reads: "el-sulṭân ibn el-sulṭân el-sulṭân al-ġâzî 'Abdülḥamîd H̲ân ḥażretlerının ṭaraf-i eşref mulûkânelerinden Vashington'da meclis-i mebʻûs̲an aʻżâʾından musyu Huvit ḥażretlerine ihdâ ettirilmiştir." On the back cover there are dedicatory inscriptions in English and French in gold and the symbol of the Ottoman state. The inscription in English reads: "Gift made by H.I.M. the Sultan Abdul-Hamid II to the honorable A.S. Hewitt[,] member of the House of Representatives in Washington[,] A.H. 1302 - 1884 A.D." The inscription in French reads: "Don fait par S.M.I le Sultan Abdul-Hamid II. a l'honorable M.A.S. Hewitt[,] membre de la Chambre des Representants a Washington[,] A.H. 1032 - 1884 A.D."$5NNU
=600  10$aSuyūṭī, 1445-1505.$tMaqāmāt.
=700  1\$aHewitt, Abram S.$q(Abram Stevens),$d1822-1903,$edonor.$5NNU
=700  0\$aAbdülhamid$bII,$cSultan of the Turks,$d1842-1918.$5NNU
=710  2\$6880-05$aMaṭbaʻat al-Jawāʼib,$epublisher.
=880  0\$6100-01/$aسيوطي.
=880  10$6240-02/$aمقامات.$kمختارات
=880  10$6245-03/$aمقامات :$bوهي ادبي‍ة- طبية /$cجلال الدين عبد الرحمن السيوطي.
=880  \\$6250-04/$aالطبعة 1.
=880  \\$6260-05/$aقسطنطينية :$bمطبعة الجوائب،$c1298 [1880 or 1881].
=880  2\$6710-05/$aمطبعة الجوائب.
=852  0\$aNNU$bBFALE$cFALES$hPJ7760.S89$iM374 1880$mNon-circulating$t1
=994  \\$aZ0$bZYU

