=LDR  02428nam a2200325 i 4500
=001  004227758
=004  004227758
=005  20161101102042.0
=008  160125s1880\\\\tu\\\\\\\b\\\\000\0\ota\d
=040  \\$aNNU$beng$erda$cNNU
=050  \4$aPN6790.S93$bB5319 1880
=100  1\$aTöpffer, Rodolphe,$d1799-1846,$eauthor.
=240  13$aLa bibliothèque de mon oncle.$lOttoman Turkish.
=245  10$6880-01$aAmcamın kütüphânesi /$cTopfer; Almanca'dan mütercimi Meḥmet Ṭâhir.
=264  \1$6880-02$aIstanbul :$bMihrân Maṭbaʻası,$c1298 [1880 or 1881]
=300  \\$a120 pages :$c24 cm.
=336  \\$atext$2rdacontent
=337  \\$aunmediated$2rdamedia
=338  \\$avolume$2rdacarrier
=504  \\$aIncludes bibliographical references.
=500  \\$aSpecCol. c. 1 is bound in red leather, has watered silk endpaper and gilded edges. On front cover there are dedicatory inscriptions in Gold Ottoman Turkish and the sultanic seal (tuğra). The inscription in Ottoman Turkish reads: "el-sulṭân ibn el-sulṭân el-sulṭân al-ġazi 'Abdülḥamîd Ḫân ḥażretlerının ṭaraf-i eşref mulûkânelerinden Vashington'da meclis-i mebʻûs̲an aʻżâʾından musyu Huvit ḥażretlerine ihdâ ettirilmiştir." On the back cover there are dedicatory inscriptions in English and French in gold and the symbol of the Ottoman state. The inscription in English reads: "Gift made by H.I.M. the Sultan Abdul-Hamid II to the honorable A.S. Hewitt[,] member of the House of Representatives in Washington[,] A.H. 1302 - 1884 A.D." The inscription in French reads: "Don fait par S.M.I le Sultan Abdul-Hamid II. a l'honorable M.A.S. Hewitt[,] membre de la Chambre des Representants a Washington[,] A.H. 1032 - 1884 A.D."$5NNU
=500  \\$aSpecCol. c. 1 was a gift of Abram Hewitt to the University of the City of New York. Accession number 8015L$5NNU
=510  4\$aÖzege, M.S. Eski harflerle,$c590
=700  1\$6880-03$aṬâhir, Meḥmet,$etranslator.
=700  1\$aHewitt, Abram S.$q(Abram Stevens),$d1822-1903,$edonor.$5NNU
=700  0\$aAbdülhamid$bII,$cSultan of the Turks,$d1842-1918.$5NNU
=880  10$6245-01/$aعموجهمك كتبخانهسى \$cتپفر؛ آلمنجهدن مترجمى محمد طاهر.
=880  \1$6264-02/$aاستانبول :$aمهران مطبعهسى,$a1298 [1880 or 1881]
=880  1\$6700-03/$aطاهر, محمد.
=852  0\$aNNU$bBFALE$cFALES$hPN6790.S93$iB5319 1880$mNon-circulating$t1

