=LDR  02693cam a2200421 i 4500
=001  004236350
=003  OCoLC
=004  004236350
=005  20161101102328.0
=008  160218s1881\\\\tu\\\\\\\\\\\\000\0\otao\
=010  \\$a2015421970
=035  \\$a(OCoLC)921504683
=040  \\$aDLC$beng$erda$cDLC$dOCLCO$dOCLCF
=042  \\$apcc
=050  00$aPL175$b.A4 1881
=100  0\$6880-01$aAhmet Cevdet Paşa,$d1822-1895,$eauthor.
=245  10$6880-02$aBelâgat-i Osmaniye /$ceser hame-yi Ahmet Cevdet.
=264  \1$6880-03$aİstanbul :$bMahmut Bey Matbaası,$c1298 [1881]
=300  \\$a204 pages ;$c19 cm
=336  \\$atext$btxt$2rdacontent
=337  \\$aunmediated$bn$2rdamedia
=338  \\$avolume$bnc$2rdacarrier
=500  \\$aSpecCol. c. 1 is bound in red leather, has watered silk endpaper and gilded edges. On front cover there are dedicatory inscriptions in Gold Ottoman Turkish and the sultanic seal (tuğra). The inscription in Ottoman Turkish reads: "el-sulṭân ibn el-sulṭân el-sulṭân al-ġâzî 'Abdülḥamîd Ḫân ḥażretlerının ṭaraf-i eşref mulûkânelerinden Vashington'da meclis-i mebʻûs̲an aʻżâʾından musyu Huvit ḥażretlerine ihdâ ettirilmiştir." On the back cover there are dedicatory inscriptions in English and French in gold and the symbol of the Ottoman state. The inscription in English reads: "Gift made by H.I.M. the Sultan Abdul-Hamid II to the honorable A.S. Hewitt[,] member of the House of Representatives in Washington[,] A.H. 1302 - 1884 A.D." The inscription in French reads: "Don fait par S.M.I le Sultan Abdul-Hamid II. a l'honorable M.A.S. Hewitt[,] membre de la Chambre des Representants a Washington[,] A.H. 1032 - 1884 A.D."$5NNU
=500  \\$aSpecCol. c. 1 was a gift of Abram Hewitt to the University of the City of New York. Accession number 7950L$5NNU
=510  4\$aÖzege, M.S., Eski harflerle,$c1806
=650  \0$aTurkish language$xStyle.
=650  \0$aTurkish language$xRhetoric.
=650  \0$aTurkish language$xStudy and teaching.
=650  \7$aTurkish language$xRhetoric.$2fast$0(OCoLC)fst01159458
=650  \7$aTurkish language$xStudy and teaching.$2fast$0(OCoLC)fst01159465
=650  \7$aTurkish language$xStyle.$2fast$0(OCoLC)fst01159470
=700  1\$aHewitt, Abram S.$q(Abram Stevens),$d1822-1903,$edonor.$5NNU
=700  0\$aAbdülhamid$bII,$cSultan of the Turks,$d1842-1918.$5NNU
=880  0\$6100-01/$aاحمد جودت پاشا.
=880  10$6245-02/$aبلاغت عثمانيه \$cاثر خامهٔ احمد جودت.
=880  \1$6264-03/$aاستانبول :$bمحمود بك مطبعهسى,$c1298 [1881]
=852  0\$aNNU$bBFALE$cFALES$hPL175$i.A4 1881$mNon-circulating$t1
=994  \\$aZ0$bZYU

