=LDR  04087cam a2200589 a 4500
=001  004238540
=003  OCoLC
=005  20160224140201.0
=007  ta
=008  160224s1881\\\\tu\\\\\\\d\\\\000\0\otao\
=010  \\$a85146793
=035  \\$a(OCoLC)18520646
=040  \\$aDLC$beng$erda$cDLC$dOCLCQ$dOCLCG$dLGG$dOCLCO$dOCLCA$dOCLCF$dOCLCQ$dOCL$dNNU
=050  04$aD9$b.A25 1881
=066  \\$c(3
=100  0\$6880-01$aAhmet Rifat,$cYağlıkçızade,$d-1894,$eauthor.
=245  10$6880-02$aLügat-i tarihiye ve coğrafiye /$cAhmet Rifat Efendi.
=260  \\$6880-03$aİstanbul :$bMahmut Bey Matbaası,$c1299-1300 [1881 or 1882-1882 or 1883]
=300  \\$a7 volumes ;$c24 cm
=336  \\$atext$btxt$2rdacontent
=337  \\$aunmediated$bn$2rdamedia
=338  \\$avolume$bnc$2rdacarrier
=500  \\$aTurkish in arabic script.
=500  \\$a"Vukuat-i meşhure ve garibenin keyfiyat-i mühimmesini ve birer suretle kesb-i iştihar eden zevat ve akvam ve büldanin ahval-i tarihiyesini ve müellefat ve muhteraat ile âsar-i sairenin eshap ve mevaki ve ezmanını camidir."
=500  \\$aSpecCol. c. 1 is bound in red leather, has watered silk endpaper and gilded edges. On front cover there are dedicatory inscriptions in Gold Ottoman Turkish and the sultanic seal (tuğra). The inscription in Ottoman Turkish reads: "el-sulṭân ibn el-sulṭân el-sulṭân al-ġâzî 'Abdülḥamîd H̲ân ḥażretlerının ṭaraf-i eşref mulûkânelerinden Vashington'da meclis-i mebʻûs̲an aʻżâʾından musyu Huvit ḥażretlerine ihdâ ettirilmiştir." On the back cover there are dedicatory inscriptions in English and French in gold and the symbol of the Ottoman state. The inscription in English reads: "Gift made by H.I.M. the Sultan Abdul-Hamid II to the honorable A.S. Hewitt[,] member of the House of Representatives in Washington[,] A.H. 1302 - 1884 A.D." The inscription in French reads: "Don fait par S.M.I le Sultan Abdul-Hamid II. a l'honorable M.A.S. Hewitt[,] membre de la Chambre des Representants a Washington[,] A.H. 1032 - 1884 A.D."$5NNU
=500  \\$aSpecCol. c. 1 vol. 1 was a gift of Abram Hewitt to the Library of the University of the City of New York. Accession number 7827L$5NNU
=500  \\$aSpecCol. c. 1 vol. 2 was a gift of Abram Hewitt to the Library of the University of the City of New York. Accession number 7828L$5NNU
=500  \\$aSpecCol. c. 1 vol. 4 was a gift of Abram Hewitt to the Library of the University of the City of New York. Accession number 7829L$5NNU
=500  \\$aSpecCol. c. 1 vol. 5 was a gift of Abram Hewitt to the Library of the University of the City of New York. Accession number 7830L$5NNU
=500  \\$aSpecCol. c. 1 vol. 6 was a gift of Abram Hewitt to the Library of the University of the City of New York. Accession number 7831L$5NNU
=500  \\$aSpecCol. c. 1 vol. 7 was a gift of Abram Hewitt to the Library of the University of the City of New York. Accession number 7832L$5NNU
=510  4\$aÖzege, M.S. Eski harflerle,$c11780
=650  \0$aHistory$vDictionaries$xTurkish.
=650  \0$aGeography$vDictionaries$xTurkish.
=650  \7$aGeography.$2fast$0(OCoLC)fst00940469
=650  \7$aHistory.$2fast$0(OCoLC)fst00958235
=655  \7$aDictionaries.$2fast$0(OCoLC)fst01423826
=776  08$iOnline version:$aAhmet Rifat, Yağlıkçızade, -1894.$tLügat-i tarihiye ve coğrafiye.$dİstanbul : Mahmut Bey Matbaası, 1299-1300 [1881 or 1882-1882 or 1883]$w(OCoLC)870260204
=700  1\$aHewitt, Abram S.$q(Abram Stevens),$d1822-1903,$edonor.$5NNU
=700  0\$aAbdülhamid$bII,$cSultan of the Turks,$d1842-1918.$5NNU
=880  0\$6100-01/$aاحمد رفعت.
=880  10$6245-02/$aلغات تاريخيه و جغرافيه /$cاحمد رفعت افندى.
=880  \\$6260-03/$aاستانبول :$bمحمود بك مطبعه‌سى،$c١٢٩٩-١٣٠٠.
=852  0\$aNNU$bBFALE$cFALES$hD9$i.A25 1881$mNon-circulating
=853  00$81$av.
=863  \\$81.1$a1
=863  \\$81.2$a2
=863  \\$81.3$a4
=863  \\$81.4$a5
=863  \\$81.5$a6
=863  \\$81.6$a7
=994  \\$aZ0$bZYU

