=LDR  02264nam a2200325 i 4500
=001  004231324
=004  004231324
=005  20161101102344.0
=008  160201s1881\\\\tu\\\\\\\\\\\\000\0\ota\d
=040  \\$aNNU$beng$erda$cNNU
=050  \4$aBJ1291$b.A36 1881
=100  0\$6880-01$aAhmet Tevfik,$eauthor.
=245  10$6880-02$aFeyż el-'acîb /$cAḥmed Tevfîḳ.
=264  \1$6880-03$aIstanbul :$bMihrân maṭba'ası,$c1299 [1881 or 1882]
=264  \1$6880-03
=300  \\$a31 pages ;$c19 cm.
=336  \\$atext$2rdacontent
=337  \\$aunmediated$2rdamedia
=338  \\$avolume$2rdacarrier
=500  \\$aSpecCol. c. 1 is bound in red leather, has watered silk endpaper and gilded edges. On front cover there are dedicatory inscriptions in Gold Ottoman Turkish and the sultanic seal (tuğra). The inscription in Ottoman Turkish reads: "el-sulṭân ibn el-sulṭân el-sulṭân al-ġazi 'Abdülḥamîd Ḫân ḥażretlerının ṭaraf-i eşref mulûkânelerinden Vashington'da meclis-i mebʻûs̲an aʻżâʾından musyu Huvit ḥażretlerine ihdâ ettirilmiştir." On the back cover there are dedicatory inscriptions in English and French in gold and the symbol of the Ottoman state. The inscription in English reads: "Gift made by H.I.M. the Sultan Abdul-Hamid II to the honorable A.S. Hewitt[,] member of the House of Representatives in Washington[,] A.H. 1302 - 1884 A.D." The inscription in French reads: "Don fait par S.M.I le Sultan Abdul-Hamid II. a l'honorable M.A.S. Hewitt[,] membre de la Chambre des Representants a Washington[,] A.H. 1032 - 1884 A.D."$5NNU
=500  \\$aSpecCol. c. 1 vol. 1 has a gift of Abram Hewitt to the Library of the University of the City of New York. Accession number 7947L$5NNU
=510  4\$aÖzege, M.S. Eski harflerle,$c5687
=650  \0$aIslamic ethics.
=650  \0$aIslamic ethics$y19th century.
=700  1\$aHewitt, Abram S.$q(Abram Stevens),$d1822-1903,$edonor.$5NNU
=700  0\$aAbdülhamid$bII,$cSultan of the Turks,$d1842-1918.$5NNU
=880  1\$6100-01/$aاحمد توفيق.
=880  10$6245-02/$aفيض العجيب \$cاحمد توفيق.
=880  \1$6264-03/$aاستانبول :$bمهران مطبعهسى,$c1299 [1881 or 1882]
=852  0\$aNNU$bBFALE$cFALEF$hBJ1291$i.A36 1881$mNon-circulating$t1

