=LDR  02935cam a22004571i 4500
=001  004265030
=003  OCoLC
=004  004265030
=005  20160323155756.0
=008  160323s1881\\\\tu\\\\\\\\\\\\000\0\ara\\
=010  \\$a59034984
=035  \\$a(OCoLC)11480869$z(OCoLC)643591189
=040  \\$aDLC$beng$erda$cWAU$dDLC$dOCLCQ$dEUM$dYUS$dOCLCO
=042  \\$apremarc
=050  00$aPJ7750.B3$bR3 1881
=066  \\$c(3
=100  0\$6880-01$aBadīʻ al-Zamān al-Hamadhānī,$d969-1008,$eauthor.
=245  10$6880-02$aRasāʼil /$cAbī al-Faḍl Badīʻ al-Zamān al-Hamadhānī.
=250  \\$6880-03$aal-Ṭabʻah 1.
=264  \1$6880-04$aal-Astānah :$bMaṭbaʻat al-Jawāʼib,$c1298 [1881]
=300  \\$a12, 240 pages ;$c23 cm
=336  \\$atext$btxt$2rdacontent
=337  \\$aunmediated$bn$2rdamedia
=338  \\$avolume$bnc$2rdacarrier
=500  \\$aSpecCol. c. 1 is bound in red leather, has watered silk endpaper and gilded edges. On front cover there are dedicatory inscriptions in Gold Ottoman Turkish and the sultanic seal (tuğra). The inscription in Ottoman Turkish reads: "el-sulṭân ibn el-sulṭân el-sulṭân al-ġâzî 'Abdülḥamîd H̲ân ḥażretlerının ṭaraf-i eşref mulûkânelerinden Vashington'da meclis-i mebʻûs̲an aʻżâʾından musyu Huvit ḥażretlerine ihdâ ettirilmiştir." On the back cover there are dedicatory inscriptions in English and French in gold and the symbol of the Ottoman state. The inscription in English reads: "Gift made by H.I.M. the Sultan Abdul-Hamid II to the honorable A.S. Hewitt[,] member of the House of Representatives in Washington[,] A.H. 1302 - 1884 A.D." The inscription in French reads: "Don fait par S.M.I le Sultan Abdul-Hamid II. a l'honorable M.A.S. Hewitt[,] membre de la Chambre des Representants a Washington[,] A.H. 1032 - 1884 A.D."$5NNU
=500  \\$aSpecCol. c. 1 was a gift of Abram Hewitt to the University of the City of New York. Accession number 7930L$5NNU
=530  \\$aAlso issued online.
=600  10$aBadīʻ al-Zamān al-Hamadhānī,$d969-1008.$tRasā'il.
=650  \0$aArabic letters.
=650  \0$aArabic prose litearture.
=650  \0$aArabic literature$y750-1258.
=700  1\$aHewitt, Abram S.$q(Abram Stevens),$d1822-1903,$edonor.$5NNU
=700  0\$aAbdülhamid$bII,$cSultan of the Turks,$d1842-1918.$5NNU
=710  2\$aMaṭbaʻat al-Jawāʼib.
=776  08$iOnline version:$aBadīʻ al-Zamān al-Hamadhānī, 969-1008.$tRasāʼil.$bal-Ṭabʻah 1.$dal-Astānah : Maṭbaʻat al-Jawāʼib, 1298 [1881]$w(OCoLC)586347172
=880  0\$6100-01/$aبديع الزمان الهمذاني.‏
=880  10$6245-02/$aرسائل أبي الفضل بديع الزمان الهمذاني.‏
=880  \\$6250-03/$aالطبعة 1.
=880  \1$6264-04/$aالإستانة :$bمطبعة الجوائب ،$c١٢٩٨ [١٨٨١].‏
=852  0\$aNNU$bBFALE$cFALES$hPJ7750.B3$iR3 1881$mNon-circulating$t1
=994  \\$aZ0$bZYU

