=LDR  02397cam a2200325 i 4500
=001  004204219
=004  004204219
=005  20161101102716.0
=008  151106s1881\\\\tu\\\\\\o\\\\\000\0\ota\d
=040  \\$aNNU$beng$erda$cNNU
=050  \4$aPL244$b.F355 1881
=066  \\$c(3
=245  00$6880-01$aGencîne-yi leṭâif /$ccâmiʻ ve mürettibi Reşât.
=264  \1$6880-02$aİstanbul :$bMaṭbaʻa-yi ʻÂmire,$c1299 [1881 or 1882]
=300  \\$a329 pages ;$c19 cm.
=336  \\$atext$btxt$2rdacontent
=337  \\$aunmediated$bn$2rdamedia
=338  \\$avolume$bnc$2rdacarrier
=500  \\$aSpecCol. c. 1 is bound in red leather, has watered silk endpaper and gilded edges. On front cover there are dedicatory inscriptions in Gold Ottoman Turkish and the sultanic seal (tuğra). The inscription in Ottoman Turkish reads: "el-sulṭân ibn el-sulṭân el-sulṭân al-ġâzî 'Abdülḥamîd Ḫân ḥażretlerının ṭaraf-i eşref mulûkânelerinden Vashington'da meclis-i mebʻûs̲an aʻżâʾından musyu Huvit ḥażretlerine ihdâ ettirilmiştir." On the back cover there are dedicatory inscriptions in English and French in gold and the symbol of the Ottoman state. The inscription in English reads: "Gift made by H.I.M. the Sultan Abdul-Hamid II to the honorable A.S. Hewitt[,] member of the House of Representatives in Washington[,] A.H. 1302 - 1884 A.D." The inscription in French reads: "Don fait par S.M.I le Sultan Abdul-Hamid II. a l'honorable M.A.S. Hewitt[,] membre de la Chambre des Representants a Washington[,] A.H. 1032 - 1884 A.D."$5NNU
=500  \\$aSpecCol. c. 1 was a gift of Abram Hewitt to the University of the City of New York. Accession number 8045L$5NNU
=500  \\$aSpecCol. c. 2 was a gift of Abram Hewitt to the Library of New York University. Accession number 20463$5NNU
=510  4\$aÖzege, M.S. Eski harflerle,$c6177
=650  \0$aTurkish wit and humor.
=700  0\$aFaik Reşat,$d1851-1914.
=700  1\$aHewitt, Abram S.$q(Abram Stevens),$d1822-1903,$edonor.$5NNU
=700  0\$aAbdülhamid$bII,$cSultan of the Turks,$d1842-1918.$5NNU
=880  00$6245-01/$aکنجینهٔ لطایٔف \$cجامع ومرتبی رشاد.
=880  \1$6264-02/$aاستانبول :$bمطبعهٔ عامره,$c1299 [1881 or 1882]
=852  0\$aNNU$bBFALE$cFALES$hPL244$i.F355 1881$mNon-circulating$t2
=852  0\$aNNU$bBFALE$cFALES$hPL244$i.F355 1881$mNon-circulating$t1

