=LDR  02302cam a22003375  4500
=001  004261239
=003  OCoLC
=004  004261239
=005  20160415173855.0
=008  160309s1881\\\\tu\\\\\\\\\\\\000\0\ota\d
=035  \\$a(OCoLC)22286664
=040  \\$aCLU$beng$erda$cCLU$dB9K$dOCLCQ$dOCLCO$dNNU
=050  \4$aPL175$b.H175 1881
=100  1\$6880-01$aHamdi, Ahmed,$d-1889.
=245  10$6880-02$aMedhal-i inşa /$ceser-i Ahmed Hamdi.
=264  \1$6880-03$aIstanbul :$bMahmut Bey Matbaası,$c1299 [1881].
=300  \\$a140 pages
=336  \\$atext$btxt$2rdacontent
=337  \\$aunmediated$bn$2rdamedia
=338  \\$avolume$bnc$2rdacarrier
=500  \\$aSpecCol. c. 1 is bound in red leather, has watered silk endpaper and gilded edges. On front cover there are dedicatory inscriptions in Gold Ottoman Turkish and the sultanic seal (tuğra). The inscription in Ottoman Turkish reads: "el-sulṭân ibn el-sulṭân el-sulṭân al-ġâzî 'Abdülḥamîd H̲ân ḥażretlerının ṭaraf-i eşref mulûkânelerinden Vashington'da meclis-i mebʻûs̲an aʻżâʾından musyu Huvit ḥażretlerine ihdâ ettirilmiştir." On the back cover there are dedicatory inscriptions in English and French in gold and the symbol of the Ottoman state. The inscription in English reads: "Gift made by H.I.M. the Sultan Abdul-Hamid II to the honorable A.S. Hewitt[,] member of the House of Representatives in Washington[,] A.H. 1302 - 1884 A.D." The inscription in French reads: "Don fait par S.M.I le Sultan Abdul-Hamid II. a l'honorable M.A.S. Hewitt[,] membre de la Chambre des Representants a Washington[,] A.H. 1032 - 1884 A.D."$5NNU
=500  \\$aSpecCol. c. 1 was a gift of Abram Hewitt to the Library of New York University. Accession number 30456$5NNU
=510  4\$aÖzege, M.S. Eski harflerle,$c12670
=650  \0$aTurkish language$vComposition and exercises.
=700  1\$aHewitt, Abram S.$q(Abram Stevens),$d1822-1903,$edonor.$5NNU
=700  0\$aAbdülhamid$bII,$cSultan of the Turks,$d1842-1918.$5NNU
=880  1\$6100-01/$aحمدى, احمد,$d-1889.
=880  10$6245-02/$aمدخل انشا \$cاثر احمد حمدى.
=880  \1$6264-03/$aاستانبول :$bمحمود بك مطبعهسى,$c1299 [1881]>
=852  0\$aNNU$bBFALE$cFALES$hPL175$i.H175 1881$mNon-circulating$t1
=994  \\$aZ0$bZYU

