=LDR  02804cam a22004215a 4500
=001  004258722
=003  OCoLC
=004  004258722
=005  20161101102828.0
=008  160301s1881\\\\tu\\\\\\\\\\\\000\0\ota\d
=035  \\$a(OCoLC)25606663
=040  \\$aPUL$beng$erda$cPUL$dOCLCQ$dOCLCF$dOCLCO$dOCLCQ$dNNU
=050  \4$aQA44$b.H37 1881
=100  0\$6880-01$aHasan Tahsin.
=245  10$6880-02$aNevʼusûl mükemmel ilm-i hesap /$ceser-i Hasan Tahsin.
=246  3\$6880-03$aMükemmel ilm-i hesap
=250  \\$6880-04$a1ci defa.
=264  \1$6880-05$aİstanbul :$bMihran Matbaası,$c1299 [1881 or 1882]
=300  \\$a219, 3 pages ;$c20 cm
=336  \\$atext$btxt$2rdacontent
=337  \\$aunmediated$bn$2rdamedia
=338  \\$avolume$bnc$2rdacarrier
=500  \\$aTurkish in Arabic script.
=500  \\$aSpecCol. c. 1 is bound in red leather, has watered silk endpaper and gilded edges. On front cover there are dedicatory inscriptions in Gold Ottoman Turkish and the sultanic seal (tuğra). The inscription in Ottoman Turkish reads: "el-sulṭân ibn el-sulṭân el-sulṭân al-ġâzî 'Abdülḥamîd Ḫân ḥażretlerının ṭaraf-i eşref mulûkânelerinden Vashington'da meclis-i mebʻûs̲an aʻżâʾından musyu Huvit ḥażretlerine ihdâ ettirilmiştir." On the back cover there are dedicatory inscriptions in English and French in gold and the symbol of the Ottoman state. The inscription in English reads: "Gift made by H.I.M. the Sultan Abdul-Hamid II to the honorable A.S. Hewitt[,] member of the House of Representatives in Washington[,] A.H. 1302 - 1884 A.D." The inscription in French reads: "Don fait par S.M.I le Sultan Abdul-Hamid II. a l'honorable M.A.S. Hewitt[,] membre de la Chambre des Representants a Washington[,] A.H. 1032 - 1884 A.D."$5NNU
=500  \\$aSpecCol. c. 1 was a gift of Abram Hewitt to the University of the City of New York. Accession number 7872L$5NNU
=510  4\$aÖzege, M.S. Eski harflerle,$c15441
=650  \0$aArithmetic$vEarly works to 1900.
=650  \7$aArithmetic.$2fast$0(OCoLC)fst00814484
=655  \7$aEarly works.$2fast$0(OCoLC)fst01411636
=776  08$iOnline version:$aHasan Tahsin.$tNevʼusûl mükemmel ilm-i hesap.$b1ci defa.$dİstanbul : Mihran Matbaası, 1299 [1881 or 1882]$w(OCoLC)656302878
=700  1\$aHewitt, Abram S.$q(Abram Stevens),$d1822-1903,$edonor.$5NNU
=700  0\$aAbdülhamid$bII,$cSultan of the Turks,$d1842-1918.$5NNU
=880  0\$6100-01/$aحسن تحسين.
=880  10$6245-02/$aنواصول مكمل علم حساب \$cاثر حسن تحسين.
=880  3\$6246-03/$aمكمل علم حساب
=880  \\$6250-04/$aبرنجى دفعه.
=880  \1$6264-05/$aاستانبول :$bمهران مطبعهسى,$c1299 [1881 or 1882]
=852  0\$aNNU$bBFALE$cFALEF$hQA44$i.H37 1881$mNon-circulating$t1

