=LDR  02521nam a2200337 i 4500
=001  004238598
=004  004238598
=005  20161101103400.0
=008  160224s1881\\\\tu\\\\\\\\\\\\000\0\ota\d
=040  \\$aNNU$beng$erda$cNNU
=043  \\$aa-tu---
=050  \4$aDR448$b.B65 1879
=245  00$6880-01$aBölük taʻlîmi :$bbölük taʻlîminin ḳavâʻid-i ʻumûmiyesi ve ṣûret-i taḳsîmi.
=250  \\$6880-02$aDefʻe-yi s̲âniye.
=264  \1$6880-03$a[Istanbul] :$bMektep-i Fünûn-i Ḥarbiye-yi Ḥażret Şâhâne Maṭbaʻası,$c1298 [1881]
=300  \\$a351 pages ;$c13 cm.
=336  \\$atext$2rdacontent
=337  \\$aunmediated$2rdamedia
=338  \\$avolume$2rdacarrier
=500  \\$aTitle from page 2.
=500  \\$aSpecCol. c. 1 is bound in red leather, has watered silk endpaper and gilded edges. On front cover there are dedicatory inscriptions in Gold Ottoman Turkish and the sultanic seal (tuğra). The inscription in Ottoman Turkish reads: "el-sulṭân ibn el-sulṭân el-sulṭân al-ġâzî 'Abdülḥamîd Ḫân ḥażretlerının ṭaraf-i eşref mulûkânelerinden Vashington'da meclis-i mebʻûs̲an aʻżâʾından musyu Huvit ḥażretlerine ihdâ ettirilmiştir." On the back cover there are dedicatory inscriptions in English and French in gold and the symbol of the Ottoman state. The inscription in English reads: "Gift made by H.I.M. the Sultan Abdul-Hamid II to the honorable A.S. Hewitt[,] member of the House of Representatives in Washington[,] A.H. 1302 - 1884 A.D." The inscription in French reads: "Don fait par S.M.I le Sultan Abdul-Hamid II. a l'honorable M.A.S. Hewitt[,] membre de la Chambre des Representants a Washington[,] A.H. 1032 - 1884 A.D."$5NNU
=500  \\$aSpecCol. c. 1 was a gift of Abram Hewitt to the Library of the University of the City of New York. Accession number 7899L$5NNU
=510  4\$aÖzege, M.S. Eski harflerle,$c2571
=650  \0$aMilitary art and science$zTurkey$y19th century.
=610  10$aTurkey.$bOrdu$xHistory$y19th century.
=700  1\$aHewitt, Abram S.$q(Abram Stevens),$d1822-1903,$edonor.$5NNU
=700  0\$aAbdülhamid$bII,$cSultan of the Turks,$d1842-1918.$5NNU
=880  00$6245-01/$aبلوك تعليمى :$bبلوك تعليمنك قواعد عموميهسى وصورت تقسيمى.
=880  \\$6250-02/$aدفعه ثانيه.
=880  \1$6264-03/$a] استانبول] :$bمكتب فنون حربيه حضرت شاهانه مطبعهسى,$c1298 [1881]
=852  0\$aNNU$bBFALE$cFALES$hDR448$i.B65 1879$mNon-circulating$t1

