=LDR  03187cam a22004095i 4500
=001  004274572
=003  OCoLC
=004  004274572
=005  20160419150349.0
=008  160419s1881\\\\tu\\\\\\\\\\\\000\0\ara\d
=035  \\$a(OCoLC)67309553
=040  \\$aEYM$beng$erda$cEYM$dOCLCG$dOCLCA$dOCLCQ
=050  \4$aPJ7604.N54$bI36 1881
=100  1\$6880-01$aIbn Manẓūr, Muḥammad ibn Mukarram,$d1232-1311 or 1312.
=245  10$6880-02$aNithār al-azhār fī al-layl wa-nahār /$ctaʼlīf al-Imām Jamāl al-Dīn Muḥammad ibn Jalāl al-Dīn al-Khazrajī al-Afrīqī al-Mulqqab bi-Ibn Manẓūr Ṣāḥib Lisān al-ʻArab.
=250  \\$6880-03$aal-Ṭabʻah 1.
=264  \1$6880-04$aQusṭanṭīnīyah :$bMaṭbaʻat al-Jawāʼib,$c1298 [1881]
=300  \\$a188 pages ;$c19 cm
=336  \\$atext$btxt$2rdacontent
=337  \\$aunmediated$bn$2rdamedia
=338  \\$avolume$bnc$2rdacarrier
=500  \\$aSpecCol. c. 1 is bound in red leather, has watered silk endpaper and gilded edges. On front cover there are dedicatory inscriptions in Gold Ottoman Turkish and the sultanic seal (tuğra). The inscription in Ottoman Turkish reads: "el-sulṭân ibn el-sulṭân el-sulṭân al-ġâzî 'Abdülḥamîd H̲ân ḥażretlerının ṭaraf-i eşref mulûkânelerinden Vashington'da meclis-i mebʻûs̲an aʻżâʾından musyu Huvit ḥażretlerine ihdâ ettirilmiştir." On the back cover there are dedicatory inscriptions in English and French in gold and the symbol of the Ottoman state. The inscription in English reads: "Gift made by H.I.M. the Sultan Abdul-Hamid II to the honorable A.S. Hewitt[,] member of the House of Representatives in Washington[,] A.H. 1302 - 1884 A.D." The inscription in French reads: "Don fait par S.M.I le Sultan Abdul-Hamid II. a l'honorable M.A.S. Hewitt[,] membre de la Chambre des Representants a Washington[,] A.H. 1032 - 1884 A.D."$5NNU
=500  \\$aSpecCol. c. 1 was a gift of Abram Hewitt to the Library of the University of the City of New York. Accession number 7839L.$5NNU
=650  \0$aNight in literature$vEarly works to 1800.
=650  \0$aArabic literature$vEarly works to 1800.
=650  \0$aArabic literature.
=776  08$iOnline version:$aIbn Manẓūr, Muḥammad ibn Mukarram, 1232-1311 or 12.$tNithār al-azhār fī al-layl wa-nahār.$bal-Ṭabʻah 1.$dQusṭanṭīnīyah : Maṭbaʻat al-Jawāʼib, [1881]$w(OCoLC)586059262
=700  1\$aHewitt, Abram S.$q(Abram Stevens),$d1822-1903,$edonor.$5NNU
=700  0\$aAbdülhamid$bII,$cSultan of the Turks,$d1842-1918.$5NNU
=710  2\$6880-05$aMaṭbaʻat al-Jawāʼib,$epublisher.
=880  1\$6100-01/$aابن منظور, محمد ابن مكرم,$d1232-1311 or 1312.
=880  10$6245-02/$aنثار الازهار في الليل والنهار \$cتأليف الامام جمال الدين محمد ابن جلال الدين الخزرجي الافريقي الملقب بابن منظور صاحب لسان العرب.
=880  \\$6250-03/$aالطبعة 1.
=880  \1$6264-04/$aقسطنطنية :$bمطبعة الجوائب,$c1298 [1881]
=880  2\$6710-05/$aمطبعة الجوائب.
=852  0\$bBFALE$cFALEF$hPJ7604.N54$iI36 1881$aNNU
=994  \\$aZ0$bZYU

