=LDR  02250nam a2200337 i 4500
=001  004267265
=005  20160330163035.0
=007  ta
=008  160330s1881\\\\tu\\\\\\\\\\\\000\0\ota\d
=040  \\$aNNU$beng$erda$cNNU
=043  \\$aa-tu---
=050  \4$aQA27.T8$b. I27 1881
=100  0\$6880-01$aİbrahaim Efendi,$eauthor.
=245  10$6880-02$aCebir müderrisi /$cmüellifi, İbrahim Efendi.
=264  \1$6880-03$aİstanbul :$bMahmut Bey Matbaası,$c1298 [1881]
=300  \\$a2 volumes ;$c21 cm.
=336  \\$atext$2rdacontent
=337  \\$aunmediated$2rdamedia
=338  \\$avolume$2rdacarrier
=500  \\$aSpecCol. c. 1 is bound in red leather, has watered silk endpaper and gilded edges. On front cover there are dedicatory inscriptions in Gold Ottoman Turkish and the sultanic seal (tuğra). The inscription in Ottoman Turkish reads: "el-sulṭân ibn el-sulṭân el-sulṭân al-ġazi 'Abdülḥamîd H̲ân ḥażretlerının ṭaraf-i eşref mulûkânelerinden Vashington'da meclis-i mebʻûs̲an aʻżâʾından musyu Huvit ḥażretlerine ihdâ ettirilmiştir." On the back cover there are dedicatory inscriptions in English and French in gold and the symbol of the Ottoman state. The inscription in English reads: "Gift made by H.I.M. the Sultan Abdul-Hamid II to the honorable A.S. Hewitt[,] member of the House of Representatives in Washington[,] A.H. 1302 - 1884 A.D." The inscription in French reads: "Don fait par S.M.I le Sultan Abdul-Hamid II. a l'honorable M.A.S. Hewitt[,] membre de la Chambre des Representants a Washington[,] A.H. 1032 - 1884 A.D."$5NNU
=500  \\$aSpecCol. c. 1 vol. 1 was a gift of Abram Hewitt to the Library of New York University. Accession number 30471$5NNU
=500  \\$aSpecCol. c. 1 vol. 2 was a gift of Abram Hewitt to the Library of New York University. Accession number 30472$5NNU
=510  4\$aÖzege, M.S. Eski harflerle,$c2837
=650  \0$aAlgebra$zTurkey$y19th century.
=650  \0$aAlgebra$zTurkey$xHistory.
=700  1\$aHewitt, Abram S.$q(Abram Stevens),$d1822-1903,$edonor.$5NNU
=700  0\$aAbdülhamid$bII,$cSultan of the Turks,$d1842-1918.$5NNU
=852  0\$aNNU$bBFALE$cFALES$hQA27.T8$i. I27 1881$mNon-circulating
=853  20$81$av.
=863  \\$81.1$a1
=863  \\$81.2$a2

