=LDR  02644nam a2200337 i 4500
=001  004212824
=004  004212824
=005  20161101102913.0
=008  151204s1881\\\\tu\\\\\\\b\\\\000\0\ota\d
=040  \\$aNNU$beng$erda$cNNU
=043  \\$aa-tu---
=050  \4$aQA14.T9$bI27 1881
=066  \\$c(3
=100  1\$6880-01$aİbrâhîm Efendi,$eauthor.
=245  10$6880-02$aEs'ile ve ecvibe-yi ḥisâbiye /$cMekteb-i Ṭibbiye-yi 'Askeriye'de Dâḫiliye yüzbaşısı ve Mekteb-i ̣Tibiyye-yi Mülkiye'de cebr ve hendese mu'allim İbrâhîm Efendi.
=264  \1$6880-03$a[Istanbul] :$bMekteb-i Ṭibbiye-yi Mülkiye maṭba'ası,$c1299 [1881]
=300  \\$a206 pages ;$c20 cm.
=336  \\$atext$2rdacontent
=337  \\$aunmediated$2rdamedia
=338  \\$avolume$2rdacarrier
=500  \\$aSpecCol. c. 1 is bound in red leather, has watered silk endpaper and gilded edges. On front cover there are dedicatory inscriptions in Gold Ottoman Turkish and the sultanic seal (tuğra). The inscription in Ottoman Turkish reads: "el-sulṭân ibn el-sulṭân el-sulṭân al-ġâzî 'Abdülḥamîd Ḫân ḥażretlerının ṭaraf-i eşref mulûkânelerinden Vashington'da meclis-i mebʻûs̲an aʻżâʾından musyu Huvit ḥażretlerine ihdâ ettirilmiştir." On the back cover there are dedicatory inscriptions in English and French in gold and the symbol of the Ottoman state. The inscription in English reads: "Gift made by H.I.M. the Sultan Abdul-Hamid II to the honorable A.S. Hewitt[,] member of the House of Representatives in Washington[,] A.H. 1302 - 1884 A.D." The inscription in French reads: "Don fait par S.M.I le Sultan Abdul-Hamid II. a l'honorable M.A.S. Hewitt[,] membre de la Chambre des Representants a Washington[,] A.H. 1032 - 1884 A.D."$5NNU
=500  \\$aSpecCol. c. 1 was a gift of Abram Hewitt to the University of the City of New York. Accession number 8086L$5NNU
=650  \0$aMathematics$zTurkey$y19th century.
=650  \0$aGeometry$zTurkey$y19th century.
=650  \0$aMathematics$xStudy and teaching$zTurkey$xHistory.
=700  1\$aHewitt, Abram S.$q(Abram Stevens),$d1822-1903,$edonor.$5NNU
=700  0\$aAbdülhamid$bII,$cSultan of the Turks,$d1842-1918.$5NNU
=880  1\$6100-01/$aابراهيم افندى.
=880  10$6245-02/$aاسئله واجوبهٔ حسابيه \$cمکتب طبیهٔ عسکریهده داخلیه یوزباشیسی ومکتب طبیهٔ ملکیهده جبر وهندسه معلمی ابراهیم افندی.
=880  \1$6264-03/$a]استانبول :[$bمکتب طبیهٔ ملکيه مطبعهسى,$c1299 [1881]
=852  0\$aNNU$bBFALE$cFALES$hQA14.T9$iI27 1881$mNon-circulating$t1

