=LDR  02524nam a2200337 i 4500
=001  004237804
=004  004237804
=005  20161101102952.0
=008  160223s1881\\\\tu\a\\\\\\\\\\000\0\ota\d
=040  \\$aNNU$beng$erda$cNNU
=041  1\$aota$hfre
=043  \\$aa-tu---
=050  \4$aPC3552$b. K3739 1881
=100  1\$6880-01$aKarayan, İstepan,$eauthor.
=245  10$6880-02$aNevresidegân-ı Islâm'a maḫṣûṣ nev'icâd elifbâ-yi Fransevi /$ces̲er-i İstapân.
=264  \1$6880-03$aIstanbul :$bLâ Türkî Maṭbaʻası,$c1299 [1881 or 1882]
=300  \\$a64 pages :$billustrations ;$c19 cm.
=336  \\$atext$2rdacontent
=337  \\$aunmediated$2rdamedia
=338  \\$avolume$2rdacarrier
=500  \\$aSpecCol. c. 1 is bound in red leather, has watered silk endpaper and gilded edges. On front cover there are dedicatory inscriptions in Gold Ottoman Turkish and the sultanic seal (tuğra). The inscription in Ottoman Turkish reads: "el-sulṭân ibn el-sulṭân el-sulṭân al-ġâzî 'Abdülḥamîd Ḫân ḥażretlerının ṭaraf-i eşref mulûkânelerinden Vashington'da meclis-i mebʻûs̲an aʻżâʾından musyu Huvit ḥażretlerine ihdâ ettirilmiştir." On the back cover there are dedicatory inscriptions in English and French in gold and the symbol of the Ottoman state. The inscription in English reads: "Gift made by H.I.M. the Sultan Abdul-Hamid II to the honorable A.S. Hewitt[,] member of the House of Representatives in Washington[,] A.H. 1302 - 1884 A.D." The inscription in French reads: "Don fait par S.M.I le Sultan Abdul-Hamid II. a l'honorable M.A.S. Hewitt[,] membre de la Chambre des Representants a Washington[,] A.H. 1032 - 1884 A.D."$5NNU
=500  \\$aSpecCol. c. 1 was a gift of Abram Hewitt to the University of the City of New York. Accession number 7882L$5NNU
=510  4\$aÖzege, M.S. Eski harflerle,$c15405
=650  \0$aFrench language$xStudy and teaching$zTurkey$xForeign speakers$y19th century.
=650  \0$aFrench language$vTextbooks for foreign speakers$xTurkish.
=700  1\$aHewitt, Abram S.$q(Abram Stevens),$d1822-1903,$edonor.$5NNU
=700  0\$aAbdülhamid$bII,$cSultan of the Turks,$d1842-1918.$5NNU
=880  1\$6100-01/$aقرهيان, استپان.
=880  10$6245-02/$aنورسيدكان اسلامه مخصوص نوايجاد الفباى فرانسوى \$cاثر استپان.
=880  \1$6264-03/$aاستانبول :$bلا تركى مطبعهسى,$c1299 [1881 or 1882]
=852  0\$aNNU$bBFALE$cFALEF$hPC3552$i. K3739 1881$mNon-circulating$t1

