=LDR  02361nam a2200325 i 4500
=001  004259874
=004  004259874
=005  20161101103011.0
=008  160304s1881\\\\tu\\\\\\\\\\\\000\0\ota\d
=040  \\$aNNU$beng$erda$cNNU
=050  \4$aPJ7755.B8$bB7853 1881
=100  0\$6880-01$aKayacığı Süleymân,$eauthor.
=245  10$6880-02$aTürkçe Ḳaṣide-yi Bürde şerḥi.
=264  \1$6880-03$aİstanbul :$bMeḥmet Esʻat,$c1299 [1881 or 1882]
=300  \\$a96 pages ;$c19 cm.
=336  \\$atext$2rdacontent
=337  \\$aunmediated$2rdamedia
=338  \\$avolume$2rdacarrier
=500  \\$aSpecCol. c. 1 is bound in red leather, has watered silk endpaper and gilded edges. On front cover there are dedicatory inscriptions in Gold Ottoman Turkish and the sultanic seal (tuğra). The inscription in Ottoman Turkish reads: "el-sulṭân ibn el-sulṭân el-sulṭân al-ġâzî 'Abdülḥamîd Ḫân ḥażretlerının ṭaraf-i eşref mulûkânelerinden Vashington'da meclis-i mebʻûs̲an aʻżâʾından musyu Huvit ḥażretlerine ihdâ ettirilmiştir." On the back cover there are dedicatory inscriptions in English and French in gold and the symbol of the Ottoman state. The inscription in English reads: "Gift made by H.I.M. the Sultan Abdul-Hamid II to the honorable A.S. Hewitt[,] member of the House of Representatives in Washington[,] A.H. 1302 - 1884 A.D." The inscription in French reads: "Don fait par S.M.I le Sultan Abdul-Hamid II. a l'honorable M.A.S. Hewitt[,] membre de la Chambre des Representants a Washington[,] A.H. 1032 - 1884 A.D."$5NNU
=500  \\$aSpecCol. c. 1 was a gift of Abram Hewitt to the University of the City of New York. Accession number 7884L$5NNU
=510  4\$aÖzege, M.S. Eski harflerle,$c10315
=600  00$aMuḥammad,$cProphet,$d-632$vPoetry.
=600  00$aMuḥammad,$cProphet,$d-632$xFamily$vPoetry.
=700  12$aBūṣīrī, Sharaf al-Dīn Muḥammad ibn Saʻīd,$d1213?-1296?$tBurdah.
=700  1\$aHewitt, Abram S.$q(Abram Stevens),$d1822-1903,$edonor.$5NNU
=700  0\$aAbdülhamid$bII,$cSultan of the Turks,$d1842-1918.$5NNU
=880  0\$6100-01/$aقياجغى سليمان.
=880  10$6245-02/$aتركجه قصيدهٔ برده شرحى.
=880  \1$6264-03/$aاستانبول :$aمحمد اسعد,$a1299 [1881 or 1882]
=852  0\$aNNU$bBFALE$cFALEF$hPJ7755.B8$iB7853 1881$mNon-circulating$t1

