=LDR  03053cam a22004695i 4500
=001  004276488
=003  OCoLC
=004  004276488
=005  20160422145503.0
=008  160422s1881\\\\tu\\\\\\\\\\\\001\0\ota\d
=010  \\$a2015421528
=035  \\$a(OCoLC)25347211
=040  \\$aPUL$beng$cPUL$dOCLCG$dOCLCQ$dOCLCF$dOCLCO$dOCLCQ$dDLC
=050  00$aKZ3085$b.K46 1881
=100  0\$6880-01$aKemalpaşazade Sait,$d1848-1921,$eauthor.
=245  10$6880-02$aHukuk-ı düvel /$ceser-i Sait ve Cebrail Gregor ; mümessil Kitapçı Karabet.
=264  \1$6880-03$aKostantiniye :$bMatbaa-yı Ebüzziya,$c1299 [1881 or 1882]
=300  \\$a156 pages ;$c19 cm
=336  \\$atext$btxt$2rdacontent
=337  \\$aunmediated$bn$2rdamedia
=338  \\$avolume$bnc$2rdacarrier
=500  \\$aSpecCol. c. 1 is bound in red leather, has watered silk endpaper and gilded edges. On front cover there are dedicatory inscriptions in Gold Ottoman Turkish and the sultanic seal (tuğra). The inscription in Ottoman Turkish reads: "el-sulṭân ibn el-sulṭân el-sulṭân al-ġâzî 'Abdülḥamîd H̲ân ḥażretlerının ṭaraf-i eşref mulûkânelerinden Vashington'da meclis-i mebʻûs̲an aʻżâʾından musyu Huvit ḥażretlerine ihdâ ettirilmiştir." On the back cover there are dedicatory inscriptions in English and French in gold and the symbol of the Ottoman state. The inscription in English reads: "Gift made by H.I.M. the Sultan Abdul-Hamid II to the honorable A.S. Hewitt[,] member of the House of Representatives in Washington[,] A.H. 1302 - 1884 A.D." The inscription in French reads: "Don fait par S.M.I le Sultan Abdul-Hamid II. a l'honorable M.A.S. Hewitt[,] membre de la Chambre des Representants a Washington[,] A.H. 1032 - 1884 A.D."$5NNU
=500  \\$aSpecCol. c. 1 was a gift of Abram Hewitt to the University of the City of New York. Accession number 7908L$5NNU
=500  \\$aTurkish in Arabic script.
=500  \\$aIncludes index.
=510  4\$aÖzege, M.S. Eski harflerle,$c7812
=546  \\$aTurkish$bArabic script.
=650  \0$aInternational law.
=650  \7$aInternational law.$2fast$0(OCoLC)fst00976984
=700  0\$aCebrail Gregor,$eauthor.
=700  1\$aHewitt, Abram S.$q(Abram Stevens),$d1822-1903,$edonor.$5NNU
=700  0\$aAbdülhamid$bII,$cSultan of the Turks,$d1842-1918.$5NNU
=776  08$iOnline version:$aKemalpaşazade Sait, 1848-1921.$tHukuk-ı düvel.$dKostantiniye : Matbaa-yı Ebüzziya, 1299 [1881 or 1882]$w(OCoLC)656909041
=710  2\$6880-04$aḲarabet,$epublisher.
=710  2\$6880-05$aMaṭbaʻa-yı Ebüżżiyâ,$epublisher.
=880  0\$6100-01/$aكمالپاشازاده سعيد,$b1848-1921.
=880  10$6245-02/$aحقوق دول \$cاثر سعيد وجبرائيل غرغور ؛ ممثلى كتابجى قرهبت.
=880  \1$6264-03/$aقسطنطنيه :$bمطبعهٔ ابو ضيا,$c1299 [1881 or 1882]
=880  2\$6710-04/$aقرهبت.
=880  2\$6710-05/$aمطبعهٔ ابو ضيا.
=852  0\$aNNU$bBFALE$cFALES$hKZ3085$i.K46 1881$mNon-circulating$t1
=994  \\$aZ0$bZYU

