=LDR  03004cas a2200493 i 4500
=001  004305451
=003  OCoLC
=005  20160523155156.0
=007  ta
=008  160518d18811886tu\wr\p\\\\\\\0\\\f0otarc
=010  \\$a2013269685
=035  \\$a(OCoLC)18994019
=040  \\$aOSU$beng$erda$cOSU$dHLS$dOCLCQ$dOCLCO$dNDD$dOCLCF$dNDD$dOCLCO$dNDD$dNNU
=042  \\$apcc
=043  \\$aa-tu---
=050  14$aAP95.T8$bH38
=066  \\$c(3$c(4
=245  00$6880-01$aHazine-yi evrak.
=264  \1$a[Istanbul]:$b[Mihran Matbaası],$c1297 [1881]-
=300  \\$avolumes ;$c19 cm
=310  \\$aWeekly
=336  \\$atext$btxt$2rdacontent
=337  \\$aunmediated$bn$2rdamedia
=338  \\$avolume$bnc$2rdacarrier
=362  1\$aBegan with: Sene 1, numara 1 (1 Mayıs 1297 [13 May 1881]); ceased with: Sene 2, numara 20, published in 1303 [1886]?
=500  \\$aFounder and publisher: Mahmut Celâleddin.
=546  \\$aIn Ottoman Turkish.
=588  \\$aDescription based on: [Sene 1], numara 41 [February 1882?]; title from caption.
=588  \\$aLatest issue consulted: Sene 2, numara 18 (10 Cemazeyilahir 1303 [16 March 1886]).
=500  \\$aSpecCol. c. 1 is bound in red leather, has watered silk endpaper and gilded edges. On front cover there are dedicatory inscriptions in Gold Ottoman Turkish and the sultanic seal (tuğra). The inscription in Ottoman Turkish reads: "el-sulṭân ibn el-sulṭân el-sulṭân al-ġâzî 'Abdülḥamîd H̲ân ḥażretlerının ṭaraf-i eşref mulûkânelerinden Vashington'da meclis-i mebʻûs̲an aʻżâʾından musyu Huvit ḥażretlerine ihdâ ettirilmiştir." On the back cover there are dedicatory inscriptions in English and French in gold and the symbol of the Ottoman state. The inscription in English reads: "Gift made by H.I.M. the Sultan Abdul-Hamid II to the honorable A.S. Hewitt[,] member of the House of Representatives in Washington[,] A.H. 1302 - 1884 A.D." The inscription in French reads: "Don fait par S.M.I le Sultan Abdul-Hamid II. a l'honorable M.A.S. Hewitt[,] membre de la Chambre des Representants a Washington[,] A.H. 1032 - 1884 A.D."$5NNU
=500  \\$aSpecCol. c. 1 vol. 1 was a gift of Abram Hewitt to the University of the City of New York. Accession number 8074L$5NNU
=500  \\$aSpecCol. c. 1 vol. 2 was a gift of Abram Hewitt to the University of the City of New York. Accession number 7955L$5NNU
=651  \0$aTurkey$vPeriodicals.
=651  \7$aTurkey.$2fast$0(OCoLC)fst01208963
=655  \7$aPeriodicals.$2fast$0(OCoLC)fst01411641
=700  0\$aMahmut Celâleddin,$epublisher.
=776  08$iOnline version:$tHazine-yi evrak$w(OCoLC)889642241
=700  1\$aHewitt, Abram S.$q(Abram Stevens),$d1822-1903,$edonor.$5NNU
=700  0\$aAbdülhamid$bII,$cSultan of the Turks,$d1842-1918.$5NNU
=880  00$6245-01/$aخزينۀ اوراق.
=866  41$lBobst SpecCol$dAP95.T8 H38$e1605$j1:1-1:48, 2:1-2:15
=852  0\$aNNU$bBFALE$cFALES$hAP95.T8$iH38$mNon-circulating
=853  20$81$av.$bno.$wx
=994  \\$aZ0$bZYU

