=LDR  03442cam a22004095i 4500
=001  004276321
=003  OCoLC
=004  004276321
=005  20160421124034.0
=008  160421s1881\\\\tu\\\\\\\\\\\\000\0\arard
=035  \\$a(OCoLC)17721322$z(OCoLC)863266087
=040  \\$aWAU$beng$erda$cWAU$dZCU$dOCLCQ$dOCLCO$dOCLCQ$dOCLCF$dEQO$dNNU
=050  \4$aAC105$b.T43 1881
=066  \\$c(3
=245  00$6880-01$aThalāth rasāʼil :$b(1) al-Nuqūd al-Islāmīyah /$clil-ʻallāmah Taqī al-Dīn ... al-Maqrīzī ; (2) al-Darārī fī al-dharārī lil-shaykh Kamāl al-Dīm ... ibn al-ʻadīm ; (3) Majmūʻat ḥikam wa-ādāb wa-akhbār ... lil-ʻallāmah al-mashhūr Yāqūt al-Mustaʻsimī.
=264  \1$6880-02$aConstantinople :$bMaṭbaʻat al-Jawāʼib,$c1298 [1881]
=300  \\$a77 pages
=336  \\$atext$btxt$2rdacontent
=337  \\$aunmediated$bn$2rdamedia
=338  \\$avolume$bnc$2rdacarrier
=500  \\$aSpecCol. c. 1 is bound in red leather, has watered silk endpaper and gilded edges. On front cover there are dedicatory inscriptions in Gold Ottoman Turkish and the sultanic seal (tuğra). The inscription in Ottoman Turkish reads: "el-sulṭân ibn el-sulṭân el-sulṭân al-ġâzî 'Abdülḥamîd H̲ân ḥażretlerının ṭaraf-i eşref mulûkânelerinden Vashington'da meclis-i mebʻûs̲an aʻżâʾından musyu Huvit ḥażretlerine ihdâ ettirilmiştir." On the back cover there are dedicatory inscriptions in English and French in gold and the symbol of the Ottoman state. The inscription in English reads: "Gift made by H.I.M. the Sultan Abdul-Hamid II to the honorable A.S. Hewitt[,] member of the House of Representatives in Washington[,] A.H. 1302 - 1884 A.D." The inscription in French reads: "Don fait par S.M.I le Sultan Abdul-Hamid II. a l'honorable M.A.S. Hewitt[,] membre de la Chambre des Representants a Washington[,] A.H. 1032 - 1884 A.D."$5NNU
=650  \0$aArabic literature.
=650  \7$aArabic literature.$2fast$0(OCoLC)fst00812478
=700  1\$6880-03$aMaqrīzī, Aḥmad ibn ʻAlī,$d1364-1442.$tShudhūr al-ʻuqūd fī dhikr al-nuqūd.
=700  1\$6880-04$aIbn al-ʻAdīm, Kamāl al-Dīn ʻUmar ibn Aḥmad,$d1192-1262.$tDarārī fī al-dharārī.
=700  1\$6880-05$aYāqūt al-Mustaʻṣimī,$d-1298.$tMajmūʻat ḥikam wa-ādāb.
=710  2\$6880-05$aMaṭbaʻat al-Jawāʼib,$epublisher.
=700  1\$aHewitt, Abram S.$q(Abram Stevens),$d1822-1903,$edonor.$5NNU
=700  0\$aAbdülhamid$bII,$cSultan of the Turks,$d1842-1918.$5NNU
=880  00$6245-01/$aثلاث رسائل. (١) النقود الإسلامية / لتقي الدين أحمد بن عبد القادر المقريزي. (٢) الدراري في الذراري / لكمال الدين عمر بن هبة الله ابن العديم. (٣) مجموعة حكم وآداب وأخبار وآثار وأشعار وفقر منتخبة / لياقوت المستعصمي.
=880  \1$6264-02/$aقسطنطينية :$bمطبعة الجوائب،$c١٢٩٨ [١٨٨١]
=880  1\$6700-03/$aمقريزي، أحمد بن علي.$tنقود الإسلامية.
=880  1\$6700-04/$aابن العديم، كمال الدين عمر بن أحمد.$tدراري في الذراري.
=880  1\$6700-05/$aياقوت المستعصمي,$d-1298.$tمجموعة حكام الادب.
=880  2\$6710-05/$aمطبعة الجوائب.
=852  0\$aNNU$bBFALE$cFALES$hAC105$i.T43 1881$mNon-circulating$t1
=994  \\$aZ0$bZYU

