=LDR  03188cam a2200433 i 4500
=001  004274574
=003  OCoLC
=004  004274574
=005  20160419152059.0
=008  160419s1881\\\\tu\\\\\\\\\\\\000\0\araod
=035  \\$a(OCoLC)11535262
=040  \\$aWAU$beng$erda$cWAU$dOCL$dOCLCQ$dOCLCG$dOCLCQ$dOCLCF$dOCLCQ$dOCLCO$dNNU
=050  \4$aBJ1291$b.M33 1881
=100  1\$6880-01$aMāwardī, ʻAlī ibn Muḥammad,$d974?-1058.
=240  10$6880-02$aAdab al-dunyā wa-al-dīn
=245  10$6880-03$aKitāb adab al-dunyā wa-al-dīn /$ctaʼlīf Abī al-Ḥasan ʻAlī ibn Muḥammad ibn Ḥabīb al-Baṣrī al-Māwardī.
=250  \\$6880-04$aal-Ṭabʻah 1.
=264  \1$6880-05$aQusṭanṭīnīyah :$bMaṭbaʻat al-Jawāʼib,$c1299 [1881 or 1882]
=300  \\$a286 pages ;$c23 cm
=336  \\$atext$btxt$2rdacontent
=337  \\$aunmediated$bn$2rdamedia
=338  \\$avolume$bnc$2rdacarrier
=500  \\$aSpecCol. c. 1 is bound in red leather, has watered silk endpaper and gilded edges. On front cover there are dedicatory inscriptions in Gold Ottoman Turkish and the sultanic seal (tuğra). The inscription in Ottoman Turkish reads: "el-sulṭân ibn el-sulṭân el-sulṭân al-ġâzî 'Abdülḥamîd H̲ân ḥażretlerının ṭaraf-i eşref mulûkânelerinden Vashington'da meclis-i mebʻûs̲an aʻżâʾından musyu Huvit ḥażretlerine ihdâ ettirilmiştir." On the back cover there are dedicatory inscriptions in English and French in gold and the symbol of the Ottoman state. The inscription in English reads: "Gift made by H.I.M. the Sultan Abdul-Hamid II to the honorable A.S. Hewitt[,] member of the House of Representatives in Washington[,] A.H. 1302 - 1884 A.D." The inscription in French reads: "Don fait par S.M.I le Sultan Abdul-Hamid II. a l'honorable M.A.S. Hewitt[,] membre de la Chambre des Representants a Washington[,] A.H. 1032 - 1884 A.D."$5NNU
=500  \\$aSpecCol. c. 1 was a gift of Abram Hewitt to the Library of the University of the City of New York. Accession number 7996L.$5NNU
=650  \0$aIslamic ethics$vEarly works to 1800.
=650  \7$aIslamic ethics.$2fast$0(OCoLC)fst00979936
=655  \7$aEarly works.$2fast$0(OCoLC)fst01411636
=700  1\$aHewitt, Abram S.$q(Abram Stevens),$d1822-1903,$edonor.$5NNU
=700  0\$aAbdülhamid$bII,$cSultan of the Turks,$d1842-1918.$5NNU
=710  2\$6880-06$aMaṭbaʻat al-Jawāʼib,$epublisher.
=776  08$iOnline version:$aMāwardī, ʻAlī ibn Muḥammad, 974?-1058.$sAdab al-dunyā wa-al-dīn.$tKitāb adab al-dunyā wa-al-dīn.$bal-Ṭabʻah 1.$dQusṭanṭīnīyah : Maṭbaʻat al-Jawāʼib, 1299 [1881 or 1882]$w(OCoLC)903982433
=880  1\$6100-01/$aماوردي, علي ابن محمد,$d974?-1058.
=880  10$6240-02/$aادب الدنيا والدين.
=880  10$6245-03/$aكتاب ادب الدنيا والدين \$cتاليف ابي حسن علي ابن محمد ابن حبيب البصري الماوردي.
=880  \\$6250-04/$aالطبعة 1.
=880  \1$6264-05/$aقسطنطنية :$bمطبعة الجوائب,$c1299 [1881 or 1882]
=880  2\$6710-06/$aمطبعة الجوائب.
=852  0\$bBFALE$cFALEF$hBJ1291$i.M33 1881$aNNU
=994  \\$aZ0$bZYU

