=LDR  02390nam a2200337 i 4500
=001  004266412
=004  004266412
=005  20160329143718.0
=008  160329s1881\\\\tu\\\\\\\\\\\\000\0\ota\d
=040  \\$aNNU$beng$erda$cNNU
=041  \\$aper$kota
=050  \4$aBJ1291$b.M43 1881
=100  1\$6880-01$aMebrûke, Fâṭima,$eauthor.
=245  10$6880-02$aTercüme-yi Naṣîḥat ül-ḥukemâ /$ces̲er-i Fâṭima Mebrûke.
=264  \1$6880-03$aİstanbul :$bMaḥmût Bey Maṭbaʻası,$c1299 [1881 or 1882]
=300  \\$a53 pages ;$c18 cm.
=336  \\$atext$2rdacontent
=337  \\$aunmediated$2rdamedia
=338  \\$avolume$2rdacarrier
=500  \\$aSpecCol. c. 1 is bound in red leather, has watered silk endpaper and gilded edges. On front cover there are dedicatory inscriptions in Gold Ottoman Turkish and the sultanic seal (tuğra). The inscription in Ottoman Turkish reads: "el-sulṭân ibn el-sulṭân el-sulṭân al-ġâzî 'Abdülḥamîd H̲ân ḥażretlerının ṭaraf-i eşref mulûkânelerinden Vashington'da meclis-i mebʻûs̲an aʻżâʾından musyu Huvit ḥażretlerine ihdâ ettirilmiştir." On the back cover there are dedicatory inscriptions in English and French in gold and the symbol of the Ottoman state. The inscription in English reads: "Gift made by H.I.M. the Sultan Abdul-Hamid II to the honorable A.S. Hewitt[,] member of the House of Representatives in Washington[,] A.H. 1302 - 1884 A.D." The inscription in French reads: "Don fait par S.M.I le Sultan Abdul-Hamid II. a l'honorable M.A.S. Hewitt[,] membre de la Chambre des Representants a Washington[,] A.H. 1032 - 1884 A.D."$5NNU
=500  \\$aSpecCol. c. 1 was a gift of Abram Hewitt to the Library of the University of the City of New York. Accession number 8090L$5NNU
=510  4\$aÖzege, M.S. Eski harflerle,$c20648
=546  \\$aTurkish in Arabic script and Persian.
=650  \0$aIslam$xDoctrines.
=650  \0$aIslamic ethics.
=700  1\$aHewitt, Abram S.$q(Abram Stevens),$d1822-1903,$edonor.$5NNU
=700  0\$aAbdülhamid$bII,$cSultan of the Turks,$d1842-1918.$5NNU
=880  1\$6100-01/$aمبروكه, فاطمه.
=880  10$6245-02/$aترجمهۀ نصيحة الحكما \$cاثر فاطمه مبروكه.
=880  \1$6264-03/$aاستانبول :$aمحمود بك مطبعهسى,$a1299 [1881 or 1882]
=852  0\$aNNU$bBFALE$cFALEF$hBJ1291$i.M43 1881$mNon-circulating$t1

