=LDR  02402nam a2200313 i 4500
=001  004217990
=004  004217990
=005  20161101103104.0
=008  151217s1881\\\\tu\\\\\\\\\\\\000\0\ota\d
=040  \\$aNNU$beng$erda$cNNU
=050  \4$aKBP440.43.N37$bM44 1881
=066  \\$c(3
=100  1\$6880-01$aMeḥmed Amîn Efendi,$eauthor.
=245  10$6880-02$aUṣûl-i fıḳıhdan muḫtaṣar menâr :$btercümesi /$cḤâfiẓ Meḥmed Amîn Efendi.
=264  \1$6880-03$aIstanbul :$bBabali caddesinde 7 numeralı maṭbaʻa,$c1298 [1881]
=300  \\$a154 pages ;$c19 cm.
=336  \\$atext$2rdacontent
=337  \\$aunmediated$2rdamedia
=338  \\$avolume$2rdacarrier
=500  \\$a[Binding is missing. The volume was originally bound in red leather. I has watered silk endpaper and gilded edges. On front cover there were dedicatory inscriptions in Gold Ottoman Turkish and the sultanic seal (tuğra). The inscription in Ottoman Turkish reads: "el-sulṭân ibn el-sulṭân el-sulṭân al-ġâzî 'Abdülḥamîd Ḫân ḥażretlerının ṭaraf-i eşref mulûkânelerinden Vashington'da meclis-i mebʻûs̲an aʻżâʾından musyu Huvit ḥażretlerine ihdâ ettirilmiştir." On the back cover there were dedicatory inscriptions in English and French in gold and the symbol of the Ottoman state. The inscription in English read: "Gift made by H.I.M. the Sultan Abdul-Hamid II to the honorable A.S. Hewitt[,] member of the House of Representatives in Washington[,] A.H. 1302 - 1884 A.D." The inscription in French read: "Don fait par S.M.I le Sultan Abdul-Hamid II. a l'honorable M.A.S. Hewitt[,] membre de la Chambre des Representants a Washington[,] A.H. 1032 - 1884 A.D."]$5NNU
=510  4\$aÖzege, M.S. Eski harflerle,$c22149
=600  10$aNasafī, ʻAbd Allāh ibn Aḥmad,$d-1310.$tManār al-anwār fī al-uṣūl.
=650  \0$aIslamic law$xInterpretation and construction.
=700  1\$aHewitt, Abram S.$q(Abram Stevens),$d1822-1903,$edonor.$5NNU
=700  0\$aAbdülhamid$bII,$cSultan of the Turks,$d1842-1918.$5NNU
=880  1\$6100-01/$aمحمد امين افندى.
=880  10$6245-02/$aاصول فقهدن مختصر منار :$bترجمهسي \$cحافظ محمد امين افندى.
=880  \1$6264-03/$aاستانبول :$bبابالى جادهسنده 7 نومرولى مطبعه,$c1298 [1881]
=852  0\$aNNU$bBFALE$cFALES$hKBP440.43.N37$iM44 1881$mNon-circulating$t1

