=LDR  02297nam a2200301 i 4500
=001  004261251
=004  004261251
=005  20160309131327.0
=008  160309s1881\\\\tu\\\\\\\b\\\\000\0\ota\d
=040  \\$aNNU$beng$erda$cNNU
=050  \4$aPL111$b.M44 1881
=100  0\$6880-01$aMehmet Cevdet,$eauthor.
=245  10$6880-02$aFeyż ul-ʻamîm fî esrâr it-taʻlîm /$caz âs̲âr Meḥmet Cevdet.
=264  \1$6880-03$aDer-i Sâʻadet :$bMühendisiyân Maṭbaʻası,$c1299 [1881 or 1882]
=300  \\$a101 pages ;$c17 cm.
=336  \\$atext$2rdacontent
=337  \\$aunmediated$2rdamedia
=338  \\$avolume$2rdacarrier
=500  \\$aSpecCol. c. 1 is bound in red leather, has watered silk endpaper and gilded edges. On front cover there are dedicatory inscriptions in Gold Ottoman Turkish and the sultanic seal (tuğra). The inscription in Ottoman Turkish reads: "el-sulṭân ibn el-sulṭân el-sulṭân al-ġâzî 'Abdülḥamîd H̲ân ḥażretlerının ṭaraf-i eşref mulûkânelerinden Vashington'da meclis-i mebʻûs̲an aʻżâʾından musyu Huvit ḥażretlerine ihdâ ettirilmiştir." On the back cover there are dedicatory inscriptions in English and French in gold and the symbol of the Ottoman state. The inscription in English reads: "Gift made by H.I.M. the Sultan Abdul-Hamid II to the honorable A.S. Hewitt[,] member of the House of Representatives in Washington[,] A.H. 1302 - 1884 A.D." The inscription in French reads: "Don fait par S.M.I le Sultan Abdul-Hamid II. a l'honorable M.A.S. Hewitt[,] membre de la Chambre des Representants a Washington[,] A.H. 1032 - 1884 A.D."$5NNU
=500  \\$aSpecCol. c. 1 was a gift of Abram Hewitt to the University of the City of New York. Accession number 8084L$5NNU
=510  4\$aÖzege, M.S. Eski harflerle,$c5688
=650  \0$aTurkish language$xTextbooks$y19th century.
=700  1\$aHewitt, Abram S.$q(Abram Stevens),$d1822-1903,$edonor.$5NNU
=700  0\$aAbdülhamid$bII,$cSultan of the Turks,$d1842-1918.$5NNU
=880  0\$6100-01/$aمحمد جودت.
=880  10$6245-02/$aفيض العميم فى اسرار التعليم \$cاز اثار محمد جودت.
=880  \1$6264-03/$aدر سعادت :$bمهندسيان مطبعهسى,$c1299 [1881 or 1882]
=852  0\$aNNU$bBFALE$cFALES$hPL111$i.M44 1881$mNon-circulating$t1

