=LDR  02514cam a2200409 i 4500
=001  004267249
=003  OCoLC
=004  004267249
=005  20160330160455.0
=008  160330s1881\\\\tu\\\\\\\\\\\\000\0\otao\
=010  \\$a2015421563
=035  \\$a(OCoLC)913891891
=040  \\$aDLC$beng$erda$cDLC$dOCLCO$dOCLCF$dNNU
=042  \\$apcc
=050  00$aPL180$b.M44 1881
=100  0\$6880-01$aMehmet İzzet,$d-1911.
=245  10$6880-02$aNefhat ül-edeb /$csahib-i asar, İzzet.
=264  \1$6880-03$aİstanbul :$bMihran Matbaası,$c1298 [1881 or 1882]
=300  \\$a208 pages ;$c18 cm
=336  \\$atext$2rdacontent
=337  \\$aunmediated$2rdamedia
=338  \\$avolume$2rdacarrier
=500  \\$aSpecCol. c. 1 is bound in red leather, has watered silk endpaper and gilded edges. On front cover there are dedicatory inscriptions in Gold Ottoman Turkish and the sultanic seal (tuğra). The inscription in Ottoman Turkish reads: "el-sulṭân ibn el-sulṭân el-sulṭân al-ġâzî 'Abdülḥamîd H̲ân ḥażretlerının ṭaraf-i eşref mulûkânelerinden Vashington'da meclis-i mebʻûs̲an aʻżâʾından musyu Huvit ḥażretlerine ihdâ ettirilmiştir." On the back cover there are dedicatory inscriptions in English and French in gold and the symbol of the Ottoman state. The inscription in English reads: "Gift made by H.I.M. the Sultan Abdul-Hamid II to the honorable A.S. Hewitt[,] member of the House of Representatives in Washington[,] A.H. 1302 - 1884 A.D." The inscription in French reads: "Don fait par S.M.I le Sultan Abdul-Hamid II. a l'honorable M.A.S. Hewitt[,] membre de la Chambre des Representants a Washington[,] A.H. 1032 - 1884 A.D."$5NNU
=500  \\$aSpecCol. c. 1 was a gift of Abram Hewitt to the Library of the University of the City of New York. Accession number 7853L$5NNU
=510  4\$aÖzege, M.S. Eski harflerle,$c15324
=546  \\$aTurkish$bArabic script.
=501  \\$aWith:
=510  4\$aÖzege, M. S. Eski harflerle,$c15324
=650  \0$aTurkish letters.
=650  \7$aTurkish letters.$2fast$0(OCoLC)fst01746752
=700  1\$aHewitt, Abram S.$q(Abram Stevens),$d1822-1903,$edonor.$5NNU
=700  0\$aAbdülhamid$bII,$cSultan of the Turks,$d1842-1918.$5NNU
=880  0\$6100-01/$aمحمد عزت,$d-1911.
=880  10$6245-02/$aنفحة الادب \$cصاحب اثار عزت.
=880  \1$6264-03/$aاستانبول :$bمهران مطبعهسى,$c1298 [1881 or 1882]
=852  0\$aNNU$bBFALE$cFALES$hPL180$i.M44 1881$mNon-circulating$t1
=994  \\$aZ0$bZYU

