=LDR  02628nam a2200373 i 4500
=001  004236579
=005  20160722101011.0
=007  ta
=008  160219s1881\\\\tu\f\\\\\\\\\\000\0\ota\d
=040  \\$aNNU$beng$erda$cNNU
=043  \\$aa-tu---
=050  \4$aQC39$b.S2 1881
=100  0\$6880-01$aMehmet Sait,$cÜsküdar Polis Müdüriyeti Fotoğraf Müdürü,$eauthor.
=245  10$6880-02$aḤikmet-i ṭabiʻiye taṭbîḳindan /$ces̲er-i Meḥmet Saʻît.
=250  \\$6880-03$aTaṣḥîḥ ve ʻilâvesiyle ikinci ṭabʻı.
=264  \1$6880-04$a[Istanbul] :$bMektep-i Fünûn-i Ḥarbiye-yi Şâhâne Maṭbaʻası,$c1299 [1881 or 1882]
=300  \\$aVolumes :$bfolded plates ;$c20 cm.
=336  \\$atext$2rdacontent
=337  \\$aunmediated$2rdamedia
=338  \\$avolume$2rdacarrier
=500  \\$aSpecCol. c. 1 is bound in red leather, has watered silk endpaper and gilded edges. On front cover there are dedicatory inscriptions in Gold Ottoman Turkish and the sultanic seal (tuğra). The inscription in Ottoman Turkish reads: "el-sulṭân ibn el-sulṭân el-sulṭân al-ġâzî 'Abdülḥamîd H̲ân ḥażretlerının ṭaraf-i eşref mulûkânelerinden Vashington'da meclis-i mebʻûs̲an aʻżâʾından musyu Huvit ḥażretlerine ihdâ ettirilmiştir." On the back cover there are dedicatory inscriptions in English and French in gold and the symbol of the Ottoman state. The inscription in English reads: "Gift made by H.I.M. the Sultan Abdul-Hamid II to the honorable A.S. Hewitt[,] member of the House of Representatives in Washington[,] A.H. 1302 - 1884 A.D." The inscription in French reads: "Don fait par S.M.I le Sultan Abdul-Hamid II. a l'honorable M.A.S. Hewitt[,] membre de la Chambre des Representants a Washington[,] A.H. 1032 - 1884 A.D."$5NNU
=500  \\$aSpecCol. c. 1 was a gift of Abram Hewitt to the Library of the University of the City of New York. Accession number 7840L$5NNU
=510  4\$aÖzege, M.S. Eski harflerle,$c24700
=650  \0$aPhysics.
=650  \0$aPhysics$zTurkey$y19th century.
=700  1\$aHewitt, Abram S.$q(Abram Stevens),$d1822-1903,$edonor.$5NNU
=700  0\$aAbdülhamid$bII,$cSultan of the Turks,$d1842-1918.$5NNU
=880  1\$6100-01/$aمحمد سعيد.
=880  10$6245-02/$aحكمت طبعيه تطبيقندن \$cاثر محمد سعيد.
=880  \\$6250-03/$aتصحيح وعلاوهسيله ايكنجى طبعى.
=880  \1$6264-04/$a] استانبولل] :$bمكتب فنون حربيه شاهانه مطبعهسى,$c1299 [1881 or 1882]
=852  0\$aNNU$bBFALE$cFALES$hQC39$i.S2 1881$mNon-circulating
=853  20$81$av.
=863  \\$81.1$a1

