=LDR  02841cam a2200469 i 4500
=001  004231765
=003  OCoLC
=004  004231765
=005  20161101103147.0
=008  160203s1881\\\\tu\\\\\\\\\\\\000\0\ota\d
=035  \\$a(OCoLC)25347699
=040  \\$aPUL$beng$erda$cPUL$dOCLCQ$dOCLCF$dOCLCO$dOCLCQ$dNNU
=043  \\$aa-tu---
=050  \4$aKKX494$b.M47 1881
=100  0\$6880-01$aMesut Efendi,$eauthor.
=245  10$6880-02$aMirʼat-ı Mecelle.
=264  \1$6880-03$a[İstanbul] :$b[Matbaa-yı Osmaniye],$c[1297 [1881]]
=300  \\$a15, 764 pages ;$c24 cm
=336  \\$atext$btxt$2rdacontent
=337  \\$aunmediated$bn$2rdamedia
=338  \\$avolume$bnc$2rdacarrier
=500  \\$aTurkish in Arabic script.
=500  \\$aCaption title.
=500  \\$aHijri date of publication: 1299.
=500  \\$aSpecCol. c. 1 is bound in red leather, has watered silk endpaper and gilded edges. On front cover there are dedicatory inscriptions in Gold Ottoman Turkish and the sultanic seal (tuğra). The inscription in Ottoman Turkish reads: "el-sulṭân ibn el-sulṭân el-sulṭân al-ġâzî 'Abdülḥamîd Ḫân ḥażretlerının ṭaraf-i eşref mulûkânelerinden Vashington'da meclis-i mebʻûs̲an aʻżâʾından musyu Huvit ḥażretlerine ihdâ ettirilmiştir." On the back cover there are dedicatory inscriptions in English and French in gold and the symbol of the Ottoman state. The inscription in English reads: "Gift made by H.I.M. the Sultan Abdul-Hamid II to the honorable A.S. Hewitt[,] member of the House of Representatives in Washington[,] A.H. 1302 - 1884 A.D." The inscription in French reads: "Don fait par S.M.I le Sultan Abdul-Hamid II. a l'honorable M.A.S. Hewitt[,] membre de la Chambre des Representants a Washington[,] A.H. 1032 - 1884 A.D."$5NNU
=500  \\$aSpecCol. c. 1 was a gift of Abram Hewitt to the University of the City of New York. Accession number 7799L$5NNU
=510  4\$aÖzege, M.S. Eski harflerle,$c13728 (1st. listing)
=650  \0$aCivil law$zTurkey.
=650  \0$aIslamic law$zTurkey.
=610  10$aTurkey.$tMecelle.
=630  07$aMecelle (Turkey)$2fast$0(OCoLC)fst01378049
=650  \7$aCivil law.$2fast$0(OCoLC)fst00862544
=650  \7$aIslamic law.$2fast$0(OCoLC)fst00979949
=651  \7$aTurkey.$2fast$0(OCoLC)fst01208963
=776  08$iOnline version:$aMesut Efendi.$tMirʼat-ı Mecelle.$d[İstanbul : Matbaa-yı Osmaniye, 1297 [1881]$w(OCoLC)659554741
=700  1\$aHewitt, Abram S.$q(Abram Stevens),$d1822-1903,$edonor.$5NNU
=700  0\$aAbdülhamid$bII,$cSultan of the Turks,$d1842-1918.$5NNU
=880  0\$6100-01/$aمسعود افندى.
=880  10$6245-02/$aمرأت مجله.
=880  \1$6264-03/$a[استانبول [:$b[ مطبعه عثمانيه, [$c[1297 [1881]]
=852  0\$aNNU$bBFALE$cFALEF$hKKX494$i.M47 1881$mNon-circulating$t1
=994  \\$aZ0$bZYU

