=LDR  02852cam a22004335i 4500
=001  004235470
=003  OCoLC
=004  004235470
=005  20161101103203.0
=008  160216s1881\\\\tu\\\\\\\\\\\\000\0\ota\d
=035  \\$a(OCoLC)17006965
=040  \\$aCLU$beng$erda$cCLU$dOCLCQ$dOCLCF$dOCLCO$dNNU
=043  \\$aa-tu---
=050  \4$aBP174$b.S554 1881
=100  0\$6880-01$aMustafa Şevket Paşa,$d-1889,$eauthor.
=245  10$6880-02$aKitab-i bürhan-i hakikat /$ceser-i Mustafa Şevket.
=264  \1$6880-03$aIstanbul :$bMihran Matbaasi,$c1299 [1881]
=300  \\$a122 pages ;$c20 cm.
=336  \\$atext$btxt$2rdacontent
=337  \\$aunmediated$bn$2rdamedia
=338  \\$avolume$bnc$2rdacarrier
=500  \\$aSpecCol. c. 1 is bound in red leather, has watered silk endpaper and gilded edges. On front cover there are dedicatory inscriptions in Gold Ottoman Turkish and the sultanic seal (tuğra). The inscription in Ottoman Turkish reads: "el-sulṭân ibn el-sulṭân el-sulṭân al-ġâzî 'Abdülḥamîd Ḫân ḥażretlerının ṭaraf-i eşref mulûkânelerinden Vashington'da meclis-i mebʻûs̲an aʻżâʾından musyu Huvit ḥażretlerine ihdâ ettirilmiştir." On the back cover there are dedicatory inscriptions in English and French in gold and the symbol of the Ottoman state. The inscription in English reads: "Gift made by H.I.M. the Sultan Abdul-Hamid II to the honorable A.S. Hewitt[,] member of the House of Representatives in Washington[,] A.H. 1302 - 1884 A.D." The inscription in French reads: "Don fait par S.M.I le Sultan Abdul-Hamid II. a l'honorable M.A.S. Hewitt[,] membre de la Chambre des Representants a Washington[,] A.H. 1032 - 1884 A.D."$5NNU
=500  \\$aSpecCol. c. 1 was a gift of Abram Hewitt to the University of the City of New York. Accession number 8046L$5NNU
=510  4\$aÖzege, M.S. Eski harflerle,$c2660
=650  \0$aPillars of Islam.
=650  \0$aTurkish language$xStudy and teaching$zTurkey.
=650  \0$aIslamic ethics.
=650  \7$aIslamic ethics.$2fast$0(OCoLC)fst00979936
=650  \7$aPillars of Islam.$2fast$0(OCoLC)fst01064104
=650  \7$aTurkish language$xStudy and teaching.$2fast$0(OCoLC)fst01159465
=651  \7$aTurkey.$2fast$0(OCoLC)fst01208963
=776  08$iOnline version:$aŞevket, Mustafa, Paşa, -1889.$tKitab-i bürhan-i hakikat.$dIstanbul : Mihran Matbaasi, 1299/1881$w(OCoLC)655825749
=700  1\$aHewitt, Abram S.$q(Abram Stevens),$d1822-1903,$edonor.$5NNU
=700  0\$aAbdülhamid$bII,$cSultan of the Turks,$d1842-1918.$5NNU
=880  0\$6100-01/$aمصطفى شوكت پاشا,$d-1889.
=880  10$6245-02/$aكتاب برهان حقيقت \$cاثر مصطفى شوكت.
=880  \1$6264-03/$aاستانبول :$bمهران مطبعهسى,$c1299 [1881]
=852  0\$aNNU$bBFALE$cFALEF$hBP174$i.S554 1881$mNon-circulating$t1
=994  \\$aZ0$bZYU

