=LDR  02572nam a2200385 i 4500
=001  004234138
=004  004234138
=005  20161101103221.0
=008  160210s1881\\\\tu\\\\\\\b\\\\000\0\ota\d
=040  \\$aNNU$beng$erda$cNNU
=043  \\$aa-tu---
=050  \4$aPC2111$b.N619 1881
=100  1\$aNoel, François,$d1755-1841,$eauthor.
=240  10$aNouvelle grammaire française.$lOttoman Turkish.
=245  10$6880-01$aYeni ṣarf-i Fransevî = Nouvelle grammaire française /$cM. Noël et M. Chapsal.
=264  \1$6880-02$aIstanbul :$bMaṭbaʻa-yi Ârâmyân,$c1298/1881.
=300  \\$a201 pages ;$c19 cm.
=336  \\$atext$2rdacontent
=337  \\$aunmediated$2rdamedia
=338  \\$avolume$2rdacarrier
=500  \\$aText in Ottoman Turkish and French.$5NNU
=500  \\$aSpecCol. c. 1 is bound in red leather, has watered silk endpaper and gilded edges. On front cover there are dedicatory inscriptions in Gold Ottoman Turkish and the sultanic seal (tuğra). The inscription in Ottoman Turkish reads: "el-sulṭân ibn el-sulṭân el-sulṭân al-ġâzî 'Abdülḥamîd Ḫân ḥażretlerının ṭaraf-i eşref mulûkânelerinden Vashington'da meclis-i mebʻûs̲an aʻżâʾından musyu Huvit ḥażretlerine ihdâ ettirilmiştir." On the back cover there are dedicatory inscriptions in English and French in gold and the symbol of the Ottoman state. The inscription in English reads: "Gift made by H.I.M. the Sultan Abdul-Hamid II to the honorable A.S. Hewitt[,] member of the House of Representatives in Washington[,] A.H. 1302 - 1884 A.D." The inscription in French reads: "Don fait par S.M.I le Sultan Abdul-Hamid II. a l'honorable M.A.S. Hewitt[,] membre de la Chambre des Representants a Washington[,] A.H. 1032 - 1884 A.D."$5NNU
=500  \\$aSpecCol. c. 1 was a gift of Abram Hewitt to the University of the City of New York. Accession number 7944L$5NNU
=510  4\$aÖzege, M.S. Eski harflerle,$c23226
=650  \0$aFrench language$xTextbooks.
=650  \0$aFrench language$zTurkey.
=650  \0$aFrench language$zTurkey$y19th century.
=700  1\$aChapsal,$cM.$q(Charles Pierre),$d1788-1858,$eauthor.
=700  1\$6880-03$aLazian, Seraphin,$etranslator.
=700  1\$aHewitt, Abram S.$q(Abram Stevens),$d1822-1903,$edonor.$5NNU
=700  0\$aAbdülhamid$bII,$cSultan of the Turks,$d1842-1918.$5NNU
=880  10$6245-01/$aيكى صرف فرانسوى.
=880  \1$6264-02/$aاستانبول :$bمطبعه آراميان,$c1298/1881.
=880  1\$6700-03/$aصرافن.
=852  0\$aNNU$bBFALE$cFALES$hPC2111$i.N619 1881$mNon-circulating$t1

