=LDR  03093cam a2200481 i 4500
=001  004260581
=003  OCoLC
=004  004260581
=005  20160307161623.0
=008  160307q18811882tu\\\\\\\i\\\\001\0\ota\d
=035  \\$a(OCoLC)25521670
=040  \\$aPUL$beng$erda$cPUL$dOCL$dNYP$dOCLCA$dOCLCF$dOCLCQ$dOCLCO$dNNU
=043  \\$aa-tu---
=050  \4$aKKX494$b.O77 1881
=100  1\$6880-01$aOrpelyan, Serkiz,$eauthor.
=245  10$6880-02$aMiftah ül-Mecelle /$ceser-i Serkiz Orpelyan.
=250  \\$6880-03$a1ci defa.
=264  \1$6880-04$aİstanbul :$bKasbar ;$a(İstanbul :$bMatbaa-yı Osmaniye),$c1299 [1881 or 1882]
=300  \\$a660 pages ;$c19 cm
=336  \\$atext$btxt$2rdacontent
=337  \\$aunmediated$bn$2rdamedia
=338  \\$avolume$bnc$2rdacarrier
=500  \\$aTurkish in Arabic script.
=500  \\$aSpecCol. c. 1 is bound in red leather, has watered silk endpaper and gilded edges. On front cover there are dedicatory inscriptions in Gold Ottoman Turkish and the sultanic seal (tuğra). The inscription in Ottoman Turkish reads: "el-sulṭân ibn el-sulṭân el-sulṭân al-ġâzî 'Abdülḥamîd H̲ân ḥażretlerının ṭaraf-i eşref mulûkânelerinden Vashington'da meclis-i mebʻûs̲an aʻżâʾından musyu Huvit ḥażretlerine ihdâ ettirilmiştir." On the back cover there are dedicatory inscriptions in English and French in gold and the symbol of the Ottoman state. The inscription in English reads: "Gift made by H.I.M. the Sultan Abdul-Hamid II to the honorable A.S. Hewitt[,] member of the House of Representatives in Washington[,] A.H. 1302 - 1884 A.D." The inscription in French reads: "Don fait par S.M.I le Sultan Abdul-Hamid II. a l'honorable M.A.S. Hewitt[,] membre de la Chambre des Representants a Washington[,] A.H. 1032 - 1884 A.D."$5NNU
=500  \\$aSpecCol. c. 1 was a gift of Abram Hewitt to the University of the City of New York. Accession number 7867L$5NNU
=510  4\$aÖzege, M.S. Eski harflerle,$c13535
=650  \0$aCivil law$zTurkey$vIndexes.
=650  \0$aIslamic law$zTurkey$vIndexes.
=610  10$aTurkey.$tMecelle$vIndexes.
=630  07$aMecelle (Turkey)$2fast$0(OCoLC)fst01378049
=650  \7$aCivil law.$2fast$0(OCoLC)fst00862544
=650  \7$aIslamic law.$2fast$0(OCoLC)fst00979949
=651  \7$aTurkey.$2fast$0(OCoLC)fst01208963
=655  \7$aIndexes.$2fast$0(OCoLC)fst01423761
=776  08$iOnline version:$aOrpelyan, Serkis.$tMiftah ül-Mecelle.$bqci defa.$dİstanbul : Kasbar, 1299 [1881 or 1882] (İstanbul : Matbaa-yı Osmaniye)$w(OCoLC)656816865
=700  1\$aHewitt, Abram S.$q(Abram Stevens),$d1822-1903,$edonor.$5NNU
=700  0\$aAbdülhamid$bII,$cSultan of the Turks,$d1842-1918.$5NNU
=880  1\$6100-01/$aاورپليان, سركز.
=880  10$6245-02/$aمفتاح المجله \$cاثر سركز اورپليان.
=880  \\$6250-03/$aبرنجى دفعه.
=880  \1$6264-04/$aاستانبول :$bقصبار ;$a(استانبول :$bمطبعه عثمانيه),$c1299 [1881 or 1882]
=852  0\$aNNU$bBFALE$cFALEF$hKKX494$i.O77 1881$mNon-circulating$t1
=994  \\$aZ0$bZYU

