=LDR  02335cam a22003255i 4500
=001  004265046
=003  OCoLC
=004  004265046
=005  20160323163632.0
=008  160323s1881\\\\tu\\\\\\\\\\\\000\0\ara\d
=035  \\$a(OCoLC)23507606
=040  \\$aEYM$beng$erda$cEYM$dOCLCQ$dNNU
=050  \4$aBP80.A16$bQ18 1881
=100  1\$6880-01$aQārī, ʻAbd al-Ḥafīẓ ibn ʻUthmān,$eauthor.
=245  10$6880-02$aJalāʼ al-qulūb wa-kashf al-kurūb bi-manāqib Abī Ayyūb.
=264  \1$6880-03$aIstanbul :$aMihrân Maṭbaʻası,$c1298 [1881]
=300  \\$a61 pages$c19 cm
=336  \\$atext$btxt$2rdacontent
=337  \\$aunmediated$bn$2rdamedia
=338  \\$avolume$bnc$2rdacarrier
=500  \\$aSpecCol. c. 1 is bound in red leather, has watered silk endpaper and gilded edges. On front cover there are dedicatory inscriptions in Gold Ottoman Turkish and the sultanic seal (tuğra). The inscription in Ottoman Turkish reads: "el-sulṭân ibn el-sulṭân el-sulṭân al-ġâzî 'Abdülḥamîd H̲ân ḥażretlerının ṭaraf-i eşref mulûkânelerinden Vashington'da meclis-i mebʻûs̲an aʻżâʾından musyu Huvit ḥażretlerine ihdâ ettirilmiştir." On the back cover there are dedicatory inscriptions in English and French in gold and the symbol of the Ottoman state. The inscription in English reads: "Gift made by H.I.M. the Sultan Abdul-Hamid II to the honorable A.S. Hewitt[,] member of the House of Representatives in Washington[,] A.H. 1302 - 1884 A.D." The inscription in French reads: "Don fait par S.M.I le Sultan Abdul-Hamid II. a l'honorable M.A.S. Hewitt[,] membre de la Chambre des Representants a Washington[,] A.H. 1032 - 1884 A.D."$5NNU
=500  \\$aSpecCol. c. 1 was a gift of Abram Hewitt to the University of the City of New York. Accession number 7905L$5NNU
=600  00$aAbū Ayyūb al-Anṣārī,$d-672.
=700  1\$aHewitt, Abram S.$q(Abram Stevens),$d1822-1903,$edonor.$5NNU
=700  0\$aAbdülhamid$bII,$cSultan of the Turks,$d1842-1918.$5NNU
=880  1\$6100-01/$aقاري, عبد الحفيظ ابن عثمان.
=880  10$6245-02/$aجلاء القلوب وكشف الكروب بمناقب ابي ايوب.
=880  \1$6264-03/$aاستانبول :$bمهران مطبعهسى,$c1298 [1881]
=852  0\$aNNU$bBFALE$cFALES$hBP80.A16$iQ18 1881$mNon-circulating$t1
=994  \\$aZ0$bZYU

