=LDR  02706cam a2200385 i 4500
=001  004206706
=003  OCoLC
=004  004206706
=005  20151113114057.0
=008  151113s1881\\\\tu\\\\\\\\\\\\000\0\otard
=035  \\$a(OCoLC)24637335
=040  \\$aOSU$beng$erda$cOSU$dOCLCG$dB9K$dPAU$dOCLCF$dOCLCO$dOCLCQ$dNNU
=050  \4$aPL203$b.R38 1881
=066  \\$c(3
=100  0\$6880-01$aRecaizade Mahmut Ekrem,$d1847-1914,$eauthor.
=245  10$6880-02$aTalîm-i edebiyât /$ces̲er-i Maḥmût Ekrem Recâîzâde.
=264  \1$6880-03$aİstanbul :$bMihrân Maṭba'ası,$c1299 [1881 or 1882]
=300  \\$a397 pages ;$c19 cm
=336  \\$atext$btxt$2rdacontent
=337  \\$aunmediated$bn$2rdamedia
=338  \\$avolume$bnc$2rdacarrier
=500  \\$aEssays.
=500  \\$aSpecCol. c. 1 is bound in red leather, has watered silk endpaper and gilded edges. On front cover there are dedicatory inscriptions in Gold Ottoman Turkish and the sultanic seal (tuğra). The inscription in Ottoman Turkish reads: "el-sulṭân ibn el-sulṭân el-sulṭân al-ġazi 'Abdülḥamîd H̲ân ḥażretlerının ṭaraf-i eşref mulûkânelerinden Vashington'da meclis-i mebʻûs̲an aʻżâʾından musyu Huvit ḥażretlerine ihdâ ettirilmiştir." On the back cover there are dedicatory inscriptions in English and French in gold and the symbol of the Ottoman state. The inscription in English reads: "Gift made by H.I.M. the Sultan Abdul-Hamid II to the honorable A.S. Hewitt[,] member of the House of Representatives in Washington[,] A.H. 1302 - 1884 A.D." The inscription in French reads: "Don fait par S.M.I le Sultan Abdul-Hamid II. a l'honorable M.A.S. Hewitt[,] membre de la Chambre des Representants a Washington[,] A.H. 1032 - 1884 A.D."$5NNU
=500  \\$aSpecCol. c. 1 was a gift of Abram Hewitt to the Library of New York University. Accession number 30424$5NNU
=510  4\$aÖzege, M.S. Eski harflerle,$c19637
=650  \0$aTurkish literature$y19th century.
=650  \7$aTurkish literature.$2fast$0(OCoLC)fst01159487
=648  \7$a1800 - 1899.$2fast
=776  08$iOnline version:$aRecaizade Mahmut Ekrem, 1847-1914.$sEssays. Selections.$tTalim-i edebiyat.$dİstanbul : Mihran Matbaası, 1299 [1881 or 1882]$w(OCoLC)902829122
=700  1\$aHewitt, Abram S.$q(Abram Stevens),$d1822-1903,$edonor.$5NNU
=700  0\$aAbdülhamid$bII,$cSultan of the Turks,$d1842-1918.$5NNU
=880  1\$6100-01/$aرجائىزاده، محمود اكرم.
=880  10$6245-02/$aتعليم ادبيات /$cاثر محمود اكرم رجائىزاده.
=880  \1$6264-03/$aاستانبول :$bمهران مطبعه سى,$c1299 [1881 or 1882]
=852  0\$aNNU$bBFALE$cFALES$hPL203$i.R38 1881$mNon-circulating$t1

