=LDR  03632cam a2200517 a 4500
=001  004273691
=003  OCoLC
=004  004273691
=005  20160415165247.0
=008  160415s1881\\\\tu\\\\\\\\\\\\000\0\arar\
=010  \\$ane 68002233
=035  \\$a(OCoLC)11480860
=040  \\$aDLC$beng$cWAU$dWAU$dIUL$dKRTAS$dOCLCF$dOCLCQ$dOCLCO
=043  \\$ae------$ae-mm---
=050  0\$aD919$b.S545 1881
=066  \\$c(3
=100  1\$6880-01$aShidyāq, Aḥmad Fāris,$d1804?-1887.
=245  13$6880-02$aal-Wāsiṭah fī maʻrifat aḥwāl Mālṭah wa-kashf al-mukhabbāʼ ʻan funūn Ūrubbā /$ctaʼlīf Aḥmad Fāris.
=250  \\$6880-03$aal-Ṭabʻah 2.
=260  \\$6880-04$aQusṭanṭīnīyah :$bMaṭbaʻat al-Jawāʼib,$c1299 [1881]
=300  \\$a361 pages ;$c25 cm
=336  \\$atext$btxt$2rdacontent
=337  \\$aunmediated$bn$2rdamedia
=338  \\$avolume$bnc$2rdacarrier
=500  \\$aSpecCol. c. 1 is bound in red leather, has watered silk endpaper and gilded edges. On front cover there are dedicatory inscriptions in Gold Ottoman Turkish and the sultanic seal (tuğra). The inscription in Ottoman Turkish reads: "el-sulṭân ibn el-sulṭân el-sulṭân al-ġâzî 'Abdülḥamîd H̲ân ḥażretlerının ṭaraf-i eşref mulûkânelerinden Vashington'da meclis-i mebʻûs̲an aʻżâʾından musyu Huvit ḥażretlerine ihdâ ettirilmiştir." On the back cover there are dedicatory inscriptions in English and French in gold and the symbol of the Ottoman state. The inscription in English reads: "Gift made by H.I.M. the Sultan Abdul-Hamid II to the honorable A.S. Hewitt[,] member of the House of Representatives in Washington[,] A.H. 1302 - 1884 A.D." The inscription in French reads: "Don fait par S.M.I le Sultan Abdul-Hamid II. a l'honorable M.A.S. Hewitt[,] membre de la Chambre des Representants a Washington[,] A.H. 1032 - 1884 A.D."$5NNU
=500  \\$aSpecCol. c. 1 was a gift of Abram Hewitt to the Library of the University of the City of New York. Accession number 8010L.$5NNU
=651  \0$aEurope$xDescription and travel.
=651  \0$aMalta$xDescription and travel.
=650  \7$aTravel.$2fast$0(OCoLC)fst01155558
=651  \7$aEurope.$2fast$0(OCoLC)fst01245064
=651  \7$aMalta.$2fast$0(OCoLC)fst01207170
=700  1\$aHewitt, Abram S.$q(Abram Stevens),$d1822-1903,$edonor.$5NNU
=700  0\$aAbdülhamid$bII,$cSultan of the Turks,$d1842-1918.$5NNU
=710  2\$6880-05$aMaṭbaʻat al-Jawāʼib.
=776  08$iOnline version:$aShidyāq, Aḥmad Fāris, 1804?-1887.$tWāsiṭah fī maʻrifat aḥwāl Mālṭah wa-kashf al-mukhabbāʼ ʻan funūn Ūrubbā$bal-Ṭabʻah 2.$dQusṭanṭīnīyah : Maṭbaʻat al-Jawāʼib, 1299 [1881]$w(OCoLC)891848059
=880  1\$6100-01/$aشدياق، احمد فارس،,$d1804?-1887.
=880  10$6240-00/$a‏واسطة في معرفة أحوال مالطة.‏
=880  12$6245-02/$aالواسطة في معرفة احوال مالطة وكشف المخباء عن فنون اوربا /$cتأليف احمد فارس.
=880  30$6246-00/$a‏كشف المخبا عن فنون اوربا
=880  \\$6250-03/$aالطبعة 2.
=880  \\$6260-04/$aقسطنطينية :$bمطبعة الجوائب،$c1299 [1881]
=880  2\$6710-05/$aمطبعة الجوائب.
=880  2\$6740-00/$a‏الرحلة الموسومة بالواسطة الى معرفة مالطة وكشف المخبا عن فنون اوربا.
=880  2\$6740-00/$a‏الواسطة الى معرفة مالطة وكشف المخبا عن فنون اوربا.
=852  0\$aNNU$bBFALE$cFALES$hD919$i.S545 1881$mNon-circulating$t1
=994  \\$aZ0$bZYU

