=LDR  03294cam a2200445 a 4500
=001  004273703
=003  OCoLC
=004  004273703
=005  20160415171421.0
=008  160415s1881\\\\tu\\\\\\\\\\\\000\0\araod
=035  \\$a(OCoLC)11480764
=040  \\$aWAU$beng$erda$cWAU$dOCLCQ$dIUL$dOCLCQ$dOCLCF$dOCLCQ$dOCLCO$dOCL$dNNU
=050  \4$aPE1111$b.S43 1881
=066  \\$c(3
=100  1\$6880-01$aShidyāq, Aḥmad Fāris,$d1804?-1887,$eauthor.
=240  10$6880-02$aBākūrah al-shahīyah fī naḥw al-lughah al-Inkilīzīyah
=245  10$6880-03$aKitāb al-bākūrah al-shahīyah fī naḥw al-lughah al-Inkilīzīyah /$ctaʼlīf Aḥmad Fāris.
=250  \\$6880-04$aal-Ṭabʻah 2.
=264  \1$6880-05$aQusṭanṭīnīyah :$bMaṭbaʻat al-Jawāʼib,$c1299 [1881 or 1882]
=300  \\$a325 pages ;$c23 cm
=336  \\$atext$btxt$2rdacontent
=337  \\$aunmediated$bn$2rdamedia
=338  \\$avolume$bnc$2rdacarrier
=500  \\$aSpecCol. c. 1 is bound in red leather, has watered silk endpaper and gilded edges. On front cover there are dedicatory inscriptions in Gold Ottoman Turkish and the sultanic seal (tuğra). The inscription in Ottoman Turkish reads: "el-sulṭân ibn el-sulṭân el-sulṭân al-ġâzî 'Abdülḥamîd H̲ân ḥażretlerının ṭaraf-i eşref mulûkânelerinden Vashington'da meclis-i mebʻûs̲an aʻżâʾından musyu Huvit ḥażretlerine ihdâ ettirilmiştir." On the back cover there are dedicatory inscriptions in English and French in gold and the symbol of the Ottoman state. The inscription in English reads: "Gift made by H.I.M. the Sultan Abdul-Hamid II to the honorable A.S. Hewitt[,] member of the House of Representatives in Washington[,] A.H. 1302 - 1884 A.D." The inscription in French reads: "Don fait par S.M.I le Sultan Abdul-Hamid II. a l'honorable M.A.S. Hewitt[,] membre de la Chambre des Representants a Washington[,] A.H. 1032 - 1884 A.D."$5NNU
=500  \\$aSpecCol. c. 1 was a gift of Abram Hewitt to the Library of the University of the City of New York. Accession number 7994L$5NNU
=650  \0$aEnglish language$xGrammar$y1870-1949.
=650  \7$aEnglish language$xGrammar.$2fast$0(OCoLC)fst00911209
=648  \7$a1870-1949.$2fast
=700  1\$aHewitt, Abram S.$q(Abram Stevens),$d1822-1903,$edonor.$5NNU
=700  0\$aAbdülhamid$bII,$cSultan of the Turks,$d1842-1918.$5NNU
=710  2\$6880-06$aMaṭbaʻat al-Jawāʼib.
=776  08$iOnline version:$aShidyāq, Aḥmad Fāris, 1804?-1887.$sBākūrah al-shahīyah fī naḥw al-lughah al-Inkilīzīyah.$tKitāb al-bākūrah al-shahīyah fī naḥw al-lughah al-Inkilīzīyah.$bal-Ṭabʻah 2.$dQusṭanṭīnīyah : Maṭbaʻat al-Jawāʼib, 1299 [1881 or 1882]$w(OCoLC)780208788
=880  1\$6100-01/$aشدياق، احمد فارس،,$d1804?-1887.
=880  10$6240-02/$aباكورة الشهية في نحو اللغة الانكليزية
=880  10$6245-03/$aكتاب الباكورة الشهية في نحو اللغة الانكليزية /$cتأليف احمد فارس.
=880  \\$6250-04/$aالطبعة 2.
=880  \1$6264-05/$aقسطنطينية :$bمطبعة الجوائب،$c1299 [1881 or 1882]
=880  2\$6710-06/$aمطبعة الجوائب.
=852  0\$aNNU$bBFALE$cFALES$hPE1111$i.S43 1881$mNon-circulating$t1
=994  \\$aZ0$bZYU

