=LDR  03140cam a2200421 i 4500
=001  004276285
=003  OCoLC
=004  004276285
=005  20160421112200.0
=008  160421s1881\\\\tu\\\\\\\\\\\\000\0\arard
=035  \\$a(OCoLC)44898508
=040  \\$aIUL$beng$erda$cIUL$dIUL$dOCLCA$dOCLCQ$dOCLCO$dOCLCF$dOCLCO
=050  \4$aPJ6620$b.S5 1881
=066  \\$c(3
=100  1\$6880-01$aShidyāq, Aḥmad Fāris,$d1804?-1887,$eauthor.
=245  13$6880-02$aal-Jāsūs ʻalá al-Qāmūs /$ctaʼlīf Aḥmad Fāris al-Shiyāq.
=264  \1$6880-03$aQusṭanṭīnīyah :$bMaṭbaʻat al-Jawāʼib,$c1299 [1881 or 2]
=300  \\$a672 pages ;$c28 cm.
=336  \\$atext$btxt$2rdacontent
=337  \\$aunmediated$bn$2rdamedia
=338  \\$avolume$bnc$2rdacarrier
=500  \\$aSpecCol. c. 1 is bound in red leather, has watered silk endpaper and gilded edges. On front cover there are dedicatory inscriptions in Gold Ottoman Turkish and the sultanic seal (tuğra). The inscription in Ottoman Turkish reads: "el-sulṭân ibn el-sulṭân el-sulṭân al-ġâzî 'Abdülḥamîd H̲ân ḥażretlerının ṭaraf-i eşref mulûkânelerinden Vashington'da meclis-i mebʻûs̲an aʻżâʾından musyu Huvit ḥażretlerine ihdâ ettirilmiştir." On the back cover there are dedicatory inscriptions in English and French in gold and the symbol of the Ottoman state. The inscription in English reads: "Gift made by H.I.M. the Sultan Abdul-Hamid II to the honorable A.S. Hewitt[,] member of the House of Representatives in Washington[,] A.H. 1302 - 1884 A.D." The inscription in French reads: "Don fait par S.M.I le Sultan Abdul-Hamid II. a l'honorable M.A.S. Hewitt[,] membre de la Chambre des Representants a Washington[,] A.H. 1032 - 1884 A.D."$5NNU
=500  \\$aSpecCol. c. 1 was a gift of Abram Hewitt to the Library of the University of the City of New York. Accession number 7826L.$5NNU
=600  10$6880-04$aFīrūzābādī, Muḥammad ibn Yaʻqūb,$d1329-1414 or 1415.$tQāmūs al-muḥīṭ.
=650  \0$aArabic language$xLexicography.
=630  07$aQāmūs al-muḥīṭ (Fīrūzābādī, Muḥammad ibn Yaʻqūb)$2fast$0(OCoLC)fst01368549
=650  \7$aArabic language$xLexicography.$2fast$0(OCoLC)fst00812371
=700  1\$aHewitt, Abram S.$q(Abram Stevens),$d1822-1903,$edonor.$5NNU
=700  0\$aAbdülhamid$bII,$cSultan of the Turks,$d1842-1918.$5NNU
=710  2\$6880-05$aMaṭbaʻat al-Jawāʼib,$epublisher.
=776  08$iOnline version:$aShidyāq, Aḥmad Fāris, 1804?-1887.$tJāsūs ʻalá al-Qāmūs.$dQusṭanṭīnīyah : Maṭbaʻat al-Jawāʼib, 1299 [1881 or 2]$w(OCoLC)908418517
=880  1\$6100-01/$aشدياق، احمد فارس،,$d1804?-1887.
=880  12$6245-02/$aالجاسوس على القاموس /$cتأليف احمد فارس الشياق.
=880  \1$6264-03/$aقسطنطينية :$bمطبعة الجوائب،$c1299 [1881 or 2]
=880  14$6600-04/$aفيروزابادي، محمد بن يعقوب،,$d1329-1414 or 1415.$tقاموس المحيط.
=880  2\$6710-05/$aمطبعة الجوائب.
=852  0\$aNNU$bBFALE$cFALES$hPJ6620$i.S5 1881$mNon-circulating$t1
=994  \\$aZ0$bZYU

