=LDR  02732cam a22004335a 4500
=001  004271415
=003  OCoLC
=004  004271415
=005  20160412151232.0
=008  160412s1881\\\\tu\\\\\\\\\\\\001\0\ota\d
=035  \\$a(OCoLC)25346098
=040  \\$aPUL$beng$erda$cPUL$dOCLCQ$dOCLCF$dOCLCQ$dNNU
=043  \\$ae-gr---$aa-tu---
=050  \4$aVK145$b.S85 1881
=100  0\$6880-01$aSüleyman Faik,$eauthor.
=245  10$6880-02$aRehber-i derya /$ceser-i Süleyman Faik.
=264  \1$6880-03$aİstanbul :$bMihran Matbaası,$c1299 [1881 or 1882]
=300  \\$a171 pages ;$c24 cm
=336  \\$atext$btxt$2rdacontent
=337  \\$aunmediated$bn$2rdamedia
=338  \\$avolume$bnc$2rdacarrier
=500  \\$aTurkish in Arabic script.
=500  \\$aAll published.
=500  \\$aSpecCol. c. 1 is bound in red leather, has watered silk endpaper and gilded edges. On front cover there are dedicatory inscriptions in Gold Ottoman Turkish and the sultanic seal (tuğra). The inscription in Ottoman Turkish reads: "el-sulṭân ibn el-sulṭân el-sulṭân al-ġâzî 'Abdülḥamîd H̲ân ḥażretlerının ṭaraf-i eşref mulûkânelerinden Vashington'da meclis-i mebʻûs̲an aʻżâʾından musyu Huvit ḥażretlerine ihdâ ettirilmiştir." On the back cover there are dedicatory inscriptions in English and French in gold and the symbol of the Ottoman state. The inscription in English reads: "Gift made by H.I.M. the Sultan Abdul-Hamid II to the honorable A.S. Hewitt[,] member of the House of Representatives in Washington[,] A.H. 1302 - 1884 A.D." The inscription in French reads: "Don fait par S.M.I le Sultan Abdul-Hamid II. a l'honorable M.A.S. Hewitt[,] membre de la Chambre des Representants a Washington[,] A.H. 1032 - 1884 A.D."$5NNU
=500  \\$aSpecCol. c. 1 was a gift of Abram Hewitt to the University of the City of New York. Accession number 7834L$5NNU
=505  0\$aKısm-ı evvel. Sevahil ve cezair-i Bahr-i Sefidʼin taʼrifatını havidir.
=510  4\$aÖzege, M.S. Eski harflerle,$c16579
=650  \0$aPilot guides$zAegean Sea Region.
=650  \7$aPilot guides.$2fast$0(OCoLC)fst01064119
=651  \7$aEurope$zAegean Sea Region.$2fast$0(OCoLC)fst01725082
=700  1\$aHewitt, Abram S.$q(Abram Stevens),$d1822-1903,$edonor.$5NNU
=700  0\$aAbdülhamid$bII,$cSultan of the Turks,$d1842-1918.$5NNU
=710  2\$6880-04$aMihrân Maṭbaʻası.
=710  2\$604.$aمهران مطبعهسى
=880  0\$6100-01/$aسليمان فائق.
=880  10$6245-02/$aرهبر دريا \$cاثر سليمان فائق.
=880  \1$6264-03/$aاستانبول :$bمهران مطبعهسى,$c1299 [1881 or 1882]
=852  0\$aNNU$bBFALE$cFALEF$hVK145$i.S85 1881$mNon-circulating$t1
=994  \\$aZ0$bZYU

