=LDR  02704nam a2200361 i 4500
=001  004227732
=004  004227732
=005  20161101103306.0
=008  160125s1881\\\\tu\\\\\\\b\\\\000\0\ota\d
=040  \\$aNNU$beng$erda$cNNU
=043  \\$aa-tu---
=050  \4$aQD31$b.W87 1881
=100  1\$aWurtz, Ad.$q(Adolphe),$d1817-1884,$eauthor.
=245  10$6880-01$aKîmyâ-yi ʻużuvî-yi ṭibbî /$cmüellifi Vurç; mütercimleri Ḳostantîn Limonidis ve Doktor Dîkâ.
=264  \1$6880-02$a[Istanbul] :$bMektep-i Ṭibbiye-yi Şâhâne Maṭbaʻası,$c1299 [1881 or 1882]
=300  \\$a1000 pages :$c22 cm.
=336  \\$atext$2rdacontent
=337  \\$aunmediated$2rdamedia
=338  \\$avolume$2rdacarrier
=500  \\$aSpecCol. c. 1 is bound in red leather, has watered silk endpaper and gilded edges. On front cover there are dedicatory inscriptions in Gold Ottoman Turkish and the sultanic seal (tuğra). The inscription in Ottoman Turkish reads: "el-sulṭân ibn el-sulṭân el-sulṭân al-ġâzî 'Abdülḥamîd Ḫân ḥażretlerının ṭaraf-i eşref mulûkânelerinden Vashington'da meclis-i mebʻûs̲an aʻżâʾından musyu Huvit ḥażretlerine ihdâ ettirilmiştir." On the back cover there are dedicatory inscriptions in English and French in gold and the symbol of the Ottoman state. The inscription in English reads: "Gift made by H.I.M. the Sultan Abdul-Hamid II to the honorable A.S. Hewitt[,] member of the House of Representatives in Washington[,] A.H. 1302 - 1884 A.D." The inscription in French reads: "Don fait par S.M.I le Sultan Abdul-Hamid II. a l'honorable M.A.S. Hewitt[,] membre de la Chambre des Representants a Washington[,] A.H. 1032 - 1884 A.D."$5NNU
=500  \\$aSpecCol. c. 1 was a gift of Abram Hewitt to the Library of New York University. Accession number 30447$5NNU
=500  \\$aSpecCol. c. 2 was a gift of Abram Hewitt to the University of the City of New York. Accession number 8000L$5NNU
=510  4\$aÖzege, M.S. Eski harflerle,$c10901
=650  \0$aChemistry$zTurkey$y19th century.
=650  \0$aChemistry.
=700  1\$aLimondis, Konstantin,$eTranslator.
=700  1\$aDoktor Dika,$eTranslator.
=700  1\$aHewitt, Abram S.$q(Abram Stevens),$d1822-1903,$edonor.$5NNU
=700  0\$aAbdülhamid$bII,$cSultan of the Turks,$d1842-1918.$5NNU
=880  10$6245-01/$aكيمياى عضوىٔ طبى \$cمؤلفى وورچ؛ مترجملرى قسطنطين ليمونيديس ودوكتور ديقا.
=880  \1$6264-02/$a]استانبول :]$bمكتب طبيه شاهانه مطبعهسى,$c1299 [1881 or 1882]
=852  0\$aNNU$bBFALE$cFALES$hQD31$i.W87 1881$mNon-circulating$t1
=852  0\$aNNU$bBFALE$cFALES$hQD31$i.W87 1881$mNon-circulating$t2

