=LDR  02519cam a22003255i 4500
=001  004235902
=003  OCoLC
=004  004235902
=005  20161101103327.0
=008  160217s1881\\\\tu\\\\\\\\\\\\000\0\ota\d
=035  \\$a(OCoLC)21630237
=040  \\$aCUY$beng$erda$cCUY$dOCLCQ$dOCLCG$dOCLCQ$dNNU
=050  \4$aPL248.Z55$bA17 1881
=100  0\$6880-01$aZiya Paşa,$d1825-1880,$eauthor.
=245  10$6880-02$aEşar-i Ziya :$bMerhum Ziya Paşanın bazı asar-i şiiriyesini camidir /$cBahriye binbaşılarından Hamdi Bey marıfetile tab' olanmıșdır.
=264  \1$6880-03$aİstanbul :$bMihran Matbaası,$c1298 [1881]
=300  \\$a72 pages ;$c24 cm
=336  \\$atext$btxt$2rdacontent
=337  \\$aunmediated$bn$2rdamedia
=338  \\$avolume$bnc$2rdacarrier
=500  \\$aOttoman Turkish.
=500  \\$aSpecCol. c. 1 is bound in red leather, has watered silk endpaper and gilded edges. On front cover there are dedicatory inscriptions in Gold Ottoman Turkish and the sultanic seal (tuğra). The inscription in Ottoman Turkish reads: "el-sulṭân ibn el-sulṭân el-sulṭân al-ġâzî 'Abdülḥamîd Ḫân ḥażretlerının ṭaraf-i eşref mulûkânelerinden Vashington'da meclis-i mebʻûs̲an aʻżâʾından musyu Huvit ḥażretlerine ihdâ ettirilmiştir." On the back cover there are dedicatory inscriptions in English and French in gold and the symbol of the Ottoman state. The inscription in English reads: "Gift made by H.I.M. the Sultan Abdul-Hamid II to the honorable A.S. Hewitt[,] member of the House of Representatives in Washington[,] A.H. 1302 - 1884 A.D." The inscription in French reads: "Don fait par S.M.I le Sultan Abdul-Hamid II. a l'honorable M.A.S. Hewitt[,] membre de la Chambre des Representants a Washington[,] A.H. 1032 - 1884 A.D."$5NNU
=500  \\$aSpecCol. c. 1 was a gift of Abram Hewitt to the Library of New York University. Accession number 30487$5NNU
=510  4\$aÖzege, M.S. Eski harflerle,$c5205
=700  1\$aHewitt, Abram S.$q(Abram Stevens),$d1822-1903,$edonor.$5NNU
=700  0\$aAbdülhamid$bII,$cSultan of the Turks,$d1842-1918.$5NNU
=880  0\$6100-01/$aضيا پاشا,$d1825-1880.
=880  10$6245-02/$aاشعار ضيا :$bمرحوم ضيا پاشانك بعضى اثار شعريهسنى جامعدر \$cبحريه بينباشيلرندن حمدى بك معرفتيله طبع اولنمشدر.
=880  \1$6264-03/$aاستانبول :$bمهران مطبعهسى,$c1298 [1881]
=852  0\$aNNU$bBFALE$cFALEF$hPL248.Z55$iA17 1881$mNon-circulating$t1

