=LDR  02676cam a22003735a 4500
=001  004261277
=003  OCoLC
=004  004261277
=005  20160309144258.0
=008  160309s1882\\\\tu\\\\\\\\\\\\000\0\ota\d
=035  \\$a(OCoLC)51274145
=040  \\$aB9K$beng$erda$cB9K$dOCLCQ$dCRL$dOCLCQ$dOCLCG$dGEBAY$dOCLCQ$dOCLCA$dOCLCF$dOCLCQ$dOCLCO$dNNU
=050  \4$aPL175$b.A23 1882
=100  0\$6880-01$aAbdurrahman Süreyya,$d-1904,$eauthor.
=245  10$6880-02$aTalikat-i belâgat-i osmaniye /$ceser Abdürrahman Sureyya.
=264  \1$6880-03$aİstanbul :$bCeride-i Askeriye Matbaası,$c1299 [1882]
=300  \\$a59 pages ;$c18 cm
=336  \\$atext$btxt$2rdacontent
=337  \\$aunmediated$bn$2rdamedia
=338  \\$avolume$bnc$2rdacarrier
=500  \\$aText in Turkish Arabic script.
=500  \\$aSpecCol. c. 1 is bound in red leather, has watered silk endpaper and gilded edges. On front cover there are dedicatory inscriptions in Gold Ottoman Turkish and the sultanic seal (tuğra). The inscription in Ottoman Turkish reads: "el-sulṭân ibn el-sulṭân el-sulṭân al-ġâzî 'Abdülḥamîd H̲ân ḥażretlerının ṭaraf-i eşref mulûkânelerinden Vashington'da meclis-i mebʻûs̲an aʻżâʾından musyu Huvit ḥażretlerine ihdâ ettirilmiştir." On the back cover there are dedicatory inscriptions in English and French in gold and the symbol of the Ottoman state. The inscription in English reads: "Gift made by H.I.M. the Sultan Abdul-Hamid II to the honorable A.S. Hewitt[,] member of the House of Representatives in Washington[,] A.H. 1302 - 1884 A.D." The inscription in French reads: "Don fait par S.M.I le Sultan Abdul-Hamid II. a l'honorable M.A.S. Hewitt[,] membre de la Chambre des Representants a Washington[,] A.H. 1032 - 1884 A.D."$5NNU
=500  \\$aSpecCol. c. 1 was a gift of Abram Hewitt to the University of the City of New York. Accession number 8088L$5NNU
=510  4\$aÖzege, M.S. Eski harflerle,$c19620
=650  \0$aTurkish language$xEtymology.
=650  \0$aTurkish language$xForeign elements$xArabic.
=650  \7$aTurkish language$xEtymology.$2fast$0(OCoLC)fst01159422
=650  \7$aTurkish language$xForeign elements$xArabic.$2fast$0(OCoLC)fst01159426
=700  1\$aHewitt, Abram S.$q(Abram Stevens),$d1822-1903,$edonor.$5NNU
=700  0\$aAbdülhamid$bII,$cSultan of the Turks,$d1842-1918.$5NNU
=880  0\$6100-01/$aعبد الرحمن ثريا.
=880  10$6245-02/$aتعليقات بلاغت عثمانيه \$cاثر عبد الرحمن ثريا.
=880  \1$6264-03/$aاستانبول :$bجريدهٔ عسكريه مطبعهسى,$c1299 [1882]
=852  0\$aNNU$bBFALE$cFALES$hPL175$i.A23 1882$mNon-circulating$t1

