=LDR  02794cam a2200409 i 4500
=001  004231796
=003  OCoLC
=004  004231796
=005  20161101103507.0
=008  160203s1882\\\\tu\\\\\\\\\\\\000\0\ota\d
=035  \\$a(OCoLC)45895767
=040  \\$aZCU$beng$erda$cZCU$dOCLCQ$dOCLCG$dOCLCF$dOCLCO$dOCLCQ$dNNU
=050  \4$aBP169$b.A35 1882
=100  0\$6880-01$aAhmet Mithat,$d1844-1912,$eauthor.
=245  10$6880-02$aMüdafaaye mukabile ve mukabileye müdafaa :$bMösyö Dvitin mudafaaye mukabilesine karşı Ahmet Mithat Efendidnin müdafaasi.
=260  \\$aIstanbul :$b[publisher not identified],$c1300 [1882]
=300  \\$a507 pages ;$c15 cm
=336  \\$atext$btxt$2rdacontent
=337  \\$aunmediated$bn$2rdamedia
=338  \\$avolume$bnc$2rdacarrier
=500  \\$aSpecCol. c. 1 is bound in red leather, has watered silk endpaper and gilded edges. On front cover there are dedicatory inscriptions in Gold Ottoman Turkish and the sultanic seal (tuğra). The inscription in Ottoman Turkish reads: "el-sulṭân ibn el-sulṭân el-sulṭân al-ġâzî 'Abdülḥamîd Ḫân ḥażretlerının ṭaraf-i eşref mulûkânelerinden Vashington'da meclis-i mebʻûs̲an aʻżâʾından musyu Huvit ḥażretlerine ihdâ ettirilmiştir." On the back cover there are dedicatory inscriptions in English and French in gold and the symbol of the Ottoman state. The inscription in English reads: "Gift made by H.I.M. the Sultan Abdul-Hamid II to the honorable A.S. Hewitt[,] member of the House of Representatives in Washington[,] A.H. 1302 - 1884 A.D." The inscription in French reads: "Don fait par S.M.I le Sultan Abdul-Hamid II. a l'honorable M.A.S. Hewitt[,] membre de la Chambre des Representants a Washington[,] A.H. 1032 - 1884 A.D."$5NNU
=500  \\$aSpecCol. c. 1 was a gift of Abram Hewitt to the University of the City of New York. Accession number 8076L$5NNU
=510  4\$aÖzege, M.S. Eski harflerle,$c14619
=650  \0$aIslam$vControversial literature.
=650  \0$aApologetics.
=650  \0$aApologetics$xHistory$y19th century.
=650  \7$aApologetics.$2fast$0(OCoLC)fst00811449
=650  \7$aIslam.$2fast$0(OCoLC)fst00979776
=648  \7$a1800 - 1899.$2fast
=655  \7$aControversial literature.$2fast$0(OCoLC)fst01423907
=655  \7$aHistory.$2fast$0(OCoLC)fst01411628
=700  1\$aHewitt, Abram S.$q(Abram Stevens),$d1822-1903,$edonor.$5NNU
=700  0\$aAbdülhamid$bII,$cSultan of the Turks,$d1842-1918.$5NNU
=880  0\$6100-01/$aاحمد مدحت.
=880  10$6245-02/$aمدافعهيه مقابله ومقابلهيه مدافعه :$bموسيو دويتك مدافعهيه مقابلهسنه قارشو احمد مدحت افندينك مدافعهسى.
=852  0\$aNNU$bBFALE$cFALEF$hBP169$i.A35 1882$mNon-circulating$t1
=994  \\$aZ0$bZYU

