=LDR  02890cam a2200445 i 4500
=001  004231808
=003  OCoLC
=005  20160203140855.0
=007  ta
=008  160203m18821884tu\\\\\\\\\\\\000\0\otaod
=010  \\$a2014428337
=035  \\$a(OCoLC)22320479
=040  \\$aPUL$beng$cPUL$dDLC$dOCLCF$dOCL
=042  \\$apcc
=050  \4$aBP169$b.A352 1882
=100  0\$6880-01$aAhmet Mithat,$d1844-1912,$eauthor.
=245  10$6880-02$aMüdafaa :$behl-i İslâmı nasraniyete davet edenlere karşı kaleme alınmıştır /$cAhmet Midhat.
=246  1\$iVol. 2 has title:$aMüdafaaya mukabele ve mukabeleye müdafaa
=264  \1$aİstanbul :$b[s.n.,]$c1300-1301 [1882 or 1883-1883 or 1884]
=300  \\$a2 volumes. ;$c15 cm.
=336  \\$atext$btxt$2rdacontent
=337  \\$aunmediated$bn$2rdamedia
=338  \\$avolume$bnc$2rdacarrier
=500  \\$aEssays first published in "Tercüman-i hakîkat."
=500  \\$aSpecCol. c. 1 vol. 1 is bound in red leather, has watered silk endpaper and gilded edges. On front cover there are dedicatory inscriptions in Gold Ottoman Turkish and the sultanic seal (tuğra). The inscription in Ottoman Turkish reads: "el-sulṭân ibn el-sulṭân el-sulṭân al-ġazi 'Abdülḥamîd H̲ân ḥażretlerının ṭaraf-i eşref mulûkânelerinden Vashington'da meclis-i mebʻûs̲an aʻżâʾından musyu Huvit ḥażretlerine ihdâ ettirilmiştir." On the back cover there are dedicatory inscriptions in English and French in gold and the symbol of the Ottoman state. The inscription in English reads: "Gift made by H.I.M. the Sultan Abdul-Hamid II to the honorable A.S. Hewitt[,] member of the House of Representatives in Washington[,] A.H. 1302 - 1884 A.D." The inscription in French reads: "Don fait par S.M.I le Sultan Abdul-Hamid II. a l'honorable M.A.S. Hewitt[,] membre de la Chambre des Representants a Washington[,] A.H. 1032 - 1884 A.D."$5NNU
=500  \\$aSpecCol. c. 1 vol. 1 was a gift of Abram Hewitt to the University of the City of New York. Accession number 8077L$5NNU
=546  \\$aTurkish;$bArabic script.
=510  4\$aÖzege, M.S. Eski harflerle,$c14604
=650  \0$aIslam$vApologetic works.
=650  \7$aIslam.$2fast$0(OCoLC)fst00979776
=655  \7$aApologetic writings.$2fast$0(OCoLC)fst01423698
=776  08$iOnline version:$aAhmet Mithat, 1844-1912.$tMüdafaa.$dİstanbul : [Tercüman-i hakîkat], 1300 [1882 or 1883]$w(OCoLC)663431960
=700  1\$aHewitt, Abram S.$q(Abram Stevens),$d1822-1903,$edonor.$5NNU
=700  0\$aAbdülhamid$bII,$cSultan of the Turks,$d1842-1918.$5NNU
=880  0\$6100-01/$aاحمد مدحت.
=880  10$6245-02/$aمدافعه :$bاهل اسلامى نصرانيتنه دعوت ايدنلره قارشو قلمه النمشدر \$cاحمد مدحت.
=852  0\$aNNU$bBFALE$cFALEF$hBP169$i.A352 1882$mNon-circulating
=853  20$81$av.
=863  \\$81.1$a1
=994  \\$aZ0$bZYU

