=LDR  02387cam a22003495i 4500
=001  004266217
=003  OCoLC
=004  004266217
=005  20160328140545.0
=008  160328s1882\\\\tu\\\\\\\\\\\\000\1\ota\d
=035  \\$a(OCoLC)81759921
=040  \\$aNjP$beng$erda$cPUL$dOCLCO$dOCLCQ$dNNU
=050  \4$aPL248.A3173$bA23 1882
=100  0\$6880-01$aAhmet Mithat,$d1844-1912,$eauthor.
=245  10$6880-02$aAcaib-i alem /$cmuharriri Ahmet Mithat.
=264  \1$6880-03$aİstanbul :$bTercüman-ı Hakikat Matbaası,$c1299 [1882]
=300  \\$a289 pages ;$c25 cm
=336  \\$atext$btxt$2rdacontent
=337  \\$aunmediated$bn$2rdamedia
=338  \\$avolume$bnc$2rdacarrier
=500  \\$aSpecCol. c. 1 is bound in red leather, has watered silk endpaper and gilded edges. On front cover there are dedicatory inscriptions in Gold Ottoman Turkish and the sultanic seal (tuğra). The inscription in Ottoman Turkish reads: "el-sulṭân ibn el-sulṭân el-sulṭân al-ġâzî 'Abdülḥamîd H̲ân ḥażretlerının ṭaraf-i eşref mulûkânelerinden Vashington'da meclis-i mebʻûs̲an aʻżâʾından musyu Huvit ḥażretlerine ihdâ ettirilmiştir." On the back cover there are dedicatory inscriptions in English and French in gold and the symbol of the Ottoman state. The inscription in English reads: "Gift made by H.I.M. the Sultan Abdul-Hamid II to the honorable A.S. Hewitt[,] member of the House of Representatives in Washington[,] A.H. 1302 - 1884 A.D." The inscription in French reads: "Don fait par S.M.I le Sultan Abdul-Hamid II. a l'honorable M.A.S. Hewitt[,] membre de la Chambre des Representants a Washington[,] A.H. 1032 - 1884 A.D."$5NNU
=500  \\$aSpecCol. c. 1 was a gift of Abram Hewitt to the University of the City of New York. Accession number 7817L$5NNU
=510  4\$aÖzege, M.S. Eski harflerle,$c30
=546  \\$aTurkish in Arabic script.
=650  \0$aTurkish literature$y19th century.
=700  1\$aHewitt, Abram S.$q(Abram Stevens),$d1822-1903,$edonor.$5NNU
=700  0\$aAbdülhamid$bII,$cSultan of the Turks,$d1842-1918.$5NNU
=880  0\$6100-01/$aاحمد مدحت,$d1844-1912.
=880  10$6245-02/$aعجائب عالم \$cمحررى احمد مدحت.
=880  \1$6264-03/$aاستانبول :$bترجمان حقيقت مطبعهسى,$c1299 [1882]
=852  0\$aNNU$bBFALE$cFALES$hPL248.A3173$iA23 1882$mNon-circulating$t1
=994  \\$aZ0$bZYU

