=LDR  02355nam a2200325 i 4500
=001  004206112
=004  004206112
=005  20161101103538.0
=008  151111s1882\\\\tu\\\\\\\\\\\\000\0\ota\d
=040  \\$aNNU$beng$erda$cNNU
=043  \\$aa-tu---
=050  \4$aKKX500$b.A44 1882
=100  1\$6880-01$aAleksiyadis, Kostaki,$eauthor.
=245  10$6880-02$aŞerḥ-i ḳânûn-i ticâret :$bIflâs kısmı /$cKostaki Aleksiyadis.
=264  \1$6880-03$a[Istanbul] :$bMaḥmûd Bey Maṭba'ası,$c1300 [1882]
=300  \\$a148 pages :$c19 cm.
=336  \\$atext$2rdacontent
=337  \\$aunmediated$2rdamedia
=338  \\$avolume$2rdacarrier
=500  \\$aSpecCol. c. 1 is bound in red leather, has watered silk endpaper and gilded edges. On front cover there are dedicatory inscriptions in Gold Ottoman Turkish and the sultanic seal (tuğra). The inscription in Ottoman Turkish reads: "el-sulṭân ibn el-sulṭân el-sulṭân al-ġâzî 'Abdülḥamîd Ḫân ḥażretlerının ṭaraf-i eşref mulûkânelerinden Vashington'da meclis-i mebʻûs̲an aʻżâʾından musyu Huvit ḥażretlerine ihdâ ettirilmiştir." On the back cover there are dedicatory inscriptions in English and French in gold and the symbol of the Ottoman state. The inscription in English reads: "Gift made by H.I.M. the Sultan Abdul-Hamid II to the honorable A.S. Hewitt[,] member of the House of Representatives in Washington[,] A.H. 1302 - 1884 A.D." The inscription in French reads: "Don fait par S.M.I le Sultan Abdul-Hamid II. a l'honorable M.A.S. Hewitt[,] membre de la Chambre des Representants a Washington[,] A.H. 1032 - 1884 A.D."$5NNU
=500  \\$aSpecCol. c. 1 was a gift of Abram Hewitt to the University of the City of New York. Accession number 7913L$5NNU
=510  4\$aÖzege, M.S. Eski harflerle,$c18833
=650  \0$aCommercial law$zTurkey.
=650  \0$aCommercial law$zTurkey$y19th century.
=700  1\$aHewitt, Abram S.$q(Abram Stevens),$d1822-1903,$edonor.$5NNU
=700  0\$aAbdülhamid$bII,$cSultan of the Turks,$d1842-1918.$5NNU
=880  1\$6100-01/$aعلكسباديس, قسطاكى.
=880  10$6245-02/$aشرح قانون تجارت :$bافلاس قسمى \$cقسطاكى علكسباديس.
=880  \1$6264-03/$a[Istanbul] :$bمحمود بك مطبعه سي,$c1300 [1882]
=852  0\$aNNU$bBFALE$cFALES$hKKX500$i.A44 1882$mNon-circulating$t1

