=LDR  03263cam a2200469 a 4500
=001  004273359
=003  OCoLC
=004  004273359
=005  20160414143541.0
=008  160414s1882\\\\tu\\\\\\\\\\\\000\p\ara\d
=035  \\$a(OCoLC)17251661
=040  \\$aOSU$beng$cOSU$dOCL$dOCLCQ$dOSU$dOCLCG$dOSU$dOCLCQ$dOCLCA$dOCLCQ
=050  \4$aPJ7745$b.B8 1882
=066  \\$c(3
=100  1\$6880-01$aBuḥturī, al-Walīd ibn ʻUbayd,$dapproximately 821-897 or 898.
=240  10$6880-02$aPoems
=245  10$6880-03$aDīwān al-Buḥturī /$cʻAbd al-Raḥmān al-Barqūqī.
=250  \\$6880-04$aal-Ṭabʻah 1.
=260  \\$6880-05$aQusṭanṭīnīyah :$bMaṭbaʻat al-Jawāʼib,$c1300 [1882 or 1883]
=300  \\$a2 volumes in 1 ;$c25 cm
=336  \\$atext$btxt$2rdacontent
=337  \\$aunmediated$bn$2rdamedia
=338  \\$avolume$bnc$2rdacarrier
=500  \\$6880-06$a"Nuqila ʻan nuskhah mashūlah qadīmah kutibat fī sanat 424 ..."
=500  \\$aSpecCol. c. 1 is bound in red leather, has watered silk endpaper and gilded edges. On front cover there are dedicatory inscriptions in Gold Ottoman Turkish and the sultanic seal (tuğra). The inscription in Ottoman Turkish reads: "el-sulṭân ibn el-sulṭân el-sulṭân al-ġâzî 'Abdülḥamîd H̲ân ḥażretlerının ṭaraf-i eşref mulûkânelerinden Vashington'da meclis-i mebʻûs̲an aʻżâʾından musyu Huvit ḥażretlerine ihdâ ettirilmiştir." On the back cover there are dedicatory inscriptions in English and French in gold and the symbol of the Ottoman state. The inscription in English reads: "Gift made by H.I.M. the Sultan Abdul-Hamid II to the honorable A.S. Hewitt[,] member of the House of Representatives in Washington[,] A.H. 1302 - 1884 A.D." The inscription in French reads: "Don fait par S.M.I le Sultan Abdul-Hamid II. a l'honorable M.A.S. Hewitt[,] membre de la Chambre des Representants a Washington[,] A.H. 1032 - 1884 A.D."$5NNU
=500  \\$aSpecCol. c. 1 was a gift of Abram Hewitt to the Library of the University of the City of New York. Accession number 7988L.$5NNU
=530  \\$aAlso issued online.
=700  1\$6880-07$aBarqūqī, ʻAbd al-Raḥmān.
=700  1\$aHewitt, Abram S.$q(Abram Stevens),$d1822-1903,$edonor.$5NNU
=700  0\$aAbdülhamid$bII,$cSultan of the Turks,$d1842-1918.$5NNU
=710  2\$6880-08$aMaṭbaʻat al-Jawāʼib,$epublisher.
=776  08$iOnline version:$aBuḥturī, al-Walīd ibn ʻUbayd, approximately 821-897 or 8.$sPoems.$tDīwān al-Buḥturī.$bal-Ṭabʻah 1.$dQusṭanṭīnīyah : [s.n.], 1300 [1882 or 1883] (Qusṭanṭīnīyah : Maṭbaʻat al-Jawāʼib)$w(OCoLC)586046056
=880  1\$6100-01/$aبحتري، الوليد بن عبيد،,$dapproximately 821-897 or 898.
=880  10$6240-02/$aأشعار
=880  10$6245-03/$aديوان البحتري /$cعبد الرحمن البرقوقي.
=880  \\$6250-04/$aالطبعة 1.
=880  \\$6260-05/$aقسطنطينية :$bمطبعة الجوائب,$c1300 [1882 or 1883]
=880  \\$6500-06/$a"نقل عن نسخة مشولة قديمة كتبة في سنة 424 ..."
=880  1\$6700-07/$aبرقوقي، عبد الرحمن.
=880  2\$6710-08/$aمطبعة الجوائب.
=852  0\$bBFALE$cFALES$hPJ7745$i.B8 1882$aNNU
=994  \\$aZ0$bZYU

