=LDR  02657nam a2200361 i 4500
=001  004273328
=004  004273328
=005  20160414120659.0
=008  160414s1882\\\\tu\\\\\\\\\\\\000\0\ara\d
=040  \\$aNNU$beng$erda$cNNU
=050  \4$aBP152$b.B87 1882
=100  1\$6880-01$aBurūsawī, Yaʻqūb ibn ʻAlī,$d-1524 or 1525,$eauthor.
=245  10$6880-02$aSharḥ Shirʻat al-Islām /$cli-Sayyid ʻAlī Zādah.
=246  3\$6880-03$aMafātīḥ al-jinān wa-maṣābīḥ al-janān
=264  \1$6880-03$aIstanbul :$bMuḥammad Asʻad,$c1299 [1882]
=300  \\$a400 pages ;$c27 cm.
=336  \\$atext$2rdacontent
=337  \\$aunmediated$2rdamedia
=338  \\$avolume$2rdacarrier
=500  \\$aA commentary on Imāmzādah's Shirʻat al-Islām titled Mafātīḥ al-jinān wa-maṣābīḥ al-janān.
=500  \\$aSpecCol. c. 1 is bound in red leather, has watered silk endpaper and gilded edges. On front cover there are dedicatory inscriptions in Gold Ottoman Turkish and the sultanic seal (tuğra). The inscription in Ottoman Turkish reads: "el-sulṭân ibn el-sulṭân el-sulṭân al-ġâzî 'Abdülḥamîd H̲ân ḥażretlerının ṭaraf-i eşref mulûkânelerinden Vashington'da meclis-i mebʻûs̲an aʻżâʾından musyu Huvit ḥażretlerine ihdâ ettirilmiştir." On the back cover there are dedicatory inscriptions in English and French in gold and the symbol of the Ottoman state. The inscription in English reads: "Gift made by H.I.M. the Sultan Abdul-Hamid II to the honorable A.S. Hewitt[,] member of the House of Representatives in Washington[,] A.H. 1302 - 1884 A.D." The inscription in French reads: "Don fait par S.M.I le Sultan Abdul-Hamid II. a l'honorable M.A.S. Hewitt[,] membre de la Chambre des Representants a Washington[,] A.H. 1032 - 1884 A.D."$5NNU
=600  10$6880-04$aImāmʹzādah, Muḥammad ibn Abī Bakr,$d1097 or 1098-1177 or 1178.$tShirʻat al-Islām.
=650  \0$aIslamic law$vEarly works to 1800.
=700  1\$aHewitt, Abram S.$q(Abram Stevens),$d1822-1903,$edonor.$5NNU
=700  0\$aAbdülhamid$bII,$cSultan of the Turks,$d1842-1918.$5NNU
=710  2\$6880-05$aMuḥammad Asʻad,$epublisher.
=880  1\$6100-01/$aبروسوي، يعقوب بن علي.
=880  10$6245-02/$aشرح شرعة الإسلام /$cلسيد علي زادة.
=880  3\$6246-03/$aمفاتيح الجنان ومصابح الجنان
=880  \1$6264-03/$aاستانبول :$bمحمد اسعد,$c1299 [1882]
=880  10$6600-04/$aإمام زادة، محمد بن أبي بكر.$tشرعة الإسلام.
=880  2\$6710-05/$aمحمد اسعد.
=852  0\$aNNU$bBFALE$cFALES$hBP152$i.B87 1882$mNon-circulating$t1

