=LDR  02673nam a2200409 i 4500
=001  004212626
=004  004212626
=005  20161101103602.0
=007  ta
=008  151203s1882\\\\tu\a\\\\\b\\\\000\0\ota\d
=040  \\$aNNU$beng$erda$cNNU
=043  \\$aa-tu---
=050  \4$aDR448$b.C36 1882
=066  \\$c(3
=100  1\$6880-01$aCânip, Aḥmet.
=245  10$6880-02$aIstiḥkâmat-i ḥafîfe /$cAḥmet Cânip.
=264  \1$6880-03$aIstanbul :$bMekteb-i Fünûn-i Ḥarbiye-i Ḥażret Șâhâne Maṭbaʻası,$c1298 [1882]
=300  \\$a2 volumes :$bIllustrations ;$c26 cm.
=336  \\$atext$2rdacontent
=337  \\$aunmediated$2rdamedia
=338  \\$avolume$2rdacarrier
=500  \\$aThe second volume contains 18 plates.$5NNU
=500  \\$aSpecCol. c. 1 is bound in red leather, has watered silk endpaper and gilded edges. On front cover there are dedicatory inscriptions in Gold Ottoman Turkish and the sultanic seal (tuğra). The inscription in Ottoman Turkish reads: "el-sulṭân ibn el-sulṭân el-sulṭân al-ġâzî 'Abdülḥamîd Ḫân ḥażretlerının ṭaraf-i eşref mulûkânelerinden Vashington'da meclis-i mebʻûs̲an aʻżâʾından musyu Huvit ḥażretlerine ihdâ ettirilmiştir." On the back cover there are dedicatory inscriptions in English and French in gold and the symbol of the Ottoman state. The inscription in English reads: "Gift made by H.I.M. the Sultan Abdul-Hamid II to the honorable A.S. Hewitt[,] member of the House of Representatives in Washington[,] A.H. 1302 - 1884 A.D." The inscription in French reads: "Don fait par S.M.I le Sultan Abdul-Hamid II. a l'honorable M.A.S. Hewitt[,] membre de la Chambre des Representants a Washington[,] A.H. 1032 - 1884 A.D."$5NNU
=500  \\$aSpecCol. c. 1 vol. 1 was a gift of Abram Hewitt to the University of the City of New York. Accession number 7823L$5NNU
=500  \\$aSpecCol. c. 2 vol. 1 was a gift of Abram Hewitt to the University of the City of New York. Accession number 7964L$5NNU
=510  4\$aÖzege, M.S. Eski harflerle,$c9472
=651  \0$aTurkey$xHistory$y19th century.
=610  10$aTurkey.$bOrdu$y19th century.
=700  1\$aHewitt, Abram S.$q(Abram Stevens),$d1822-1903,$edonor.$5NNU
=700  0\$aAbdülhamid$bII,$cSultan of the Turks,$d1842-1918.$5NNU
=880  1\$6100-01/$aجانب, احمد.
=880  10$6245-02/$aاستحكامات حفيفه \$cاحمد جانب.
=880  \1$6264-03/$aاستانبول :$aمكتب فنون حربيهٔ شاهانه مطبعهسى,$a1298 [1882]
=852  0\$aNNU$bBFALE$cFALES$hDR448$i.C36 1882$mNon-circulating
=853  00$81$av.
=863  \\$81.1$a2
=852  0\$bBFALE$cFALES$hDR448$i.C36 1882$aNNU

