=LDR  02409nam a2200325 i 4500
=001  004259758
=004  004259758
=005  20161101103618.0
=008  160304s1882\\\\tu\\\\\\\\\\\\000\f\ota\d
=040  \\$aNNU$beng$erda$cNNU
=043  \\$aa-tu---
=050  \4$aPQ2205$b.A8519 1882
=100  1\$aChateaubriand, François-René,$cvicomte de,$d1768-1848,$eauthor.
=240  10$aAventures du dernier Abencerage.$lOttoman Turkish.
=245  10$6880-01$aİbn-i Sirâc-i ah̲îr /$cmüellifi Şâtûbrîyân; mütercimi ʻA. Ṭâhir.
=264  \1$6880-02$aİstanbul :$bMihrân Maṭbaʻası,$c1298 [1882]
=300  \\$a54 pages ;$c24 cm.
=336  \\$atext$2rdacontent
=337  \\$aunmediated$2rdamedia
=338  \\$avolume$2rdacarrier
=500  \\$aSpecCol. c. 1 is bound in red leather, has watered silk endpaper and gilded edges. On front cover there are dedicatory inscriptions in Gold Ottoman Turkish and the sultanic seal (tuğra). The inscription in Ottoman Turkish reads: "el-sulṭân ibn el-sulṭân el-sulṭân al-ġâzî 'Abdülḥamîd Ḫân ḥażretlerının ṭaraf-i eşref mulûkânelerinden Vashington'da meclis-i mebʻûs̲an aʻżâʾından musyu Huvit ḥażretlerine ihdâ ettirilmiştir." On the back cover there are dedicatory inscriptions in English and French in gold and the symbol of the Ottoman state. The inscription in English reads: "Gift made by H.I.M. the Sultan Abdul-Hamid II to the honorable A.S. Hewitt[,] member of the House of Representatives in Washington[,] A.H. 1302 - 1884 A.D." The inscription in French reads: "Don fait par S.M.I le Sultan Abdul-Hamid II. a l'honorable M.A.S. Hewitt[,] membre de la Chambre des Representants a Washington[,] A.H. 1032 - 1884 A.D."$5NNU
=500  \\$aSpecCol. c. 1 was a gift of Abram Hewitt to the University of the City of New York. Accession number 8014L$5NNU
=510  4\$aÖzege, M.S. Eski harflerle,$c8362
=650  \0$aFrench literature$zTurkey$y19th century.
=700  1\$aHewitt, Abram S.$q(Abram Stevens),$d1822-1903,$edonor.$5NNU
=700  0\$aAbdülhamid$bII,$cSultan of the Turks,$d1842-1918.$5NNU
=700  1\$6880-03$aʻA. Ṭâhir,$etranslator.
=880  10$6245-01/$aابن سراج اخير \$cمؤلفى شاتوبرييان؛ مترجمى ع. طاهر.
=880  \1$6264-02/$aاستانبول :$bمهران مطبعهسى,$c1298 [1882]
=852  \\$aNNU$bBFALE$cFALEF$hPQ2205$i.A8519 1882$mNon-circulating$t1

