=LDR  03790nam a2200661 i 4500
=001  004217940
=004  004217940
=005  20161101103803.0
=008  151217s1882\\\\tu\\\\\\\\\\\\000\0\ota\d
=040  \\$aNNU$beng$erda$cNNU
=050  \4$aZ126.Z7$bE28 1881
=100  0\$6880-01$aEbüzziya Tevfik,$d1849-1913,$eauthor.
=245  10$6880-02$aĠutenberġ ve iḫtirâʻ-i fenn-i ṭabıʻ /$cEbüżżiya Tevfiḳ.
=246  18$6880-03$aKütüpḫâne-yi [Kitâpḫâne-yi] meşâhîr$5NNU
=250  \\$6880-04$aBirinci ṭabʻ.
=264  \1$6880-05$aIstanbul :$bMaṭbaʻa-yi Ebüżżiyâ,$c1299 [1881 or 1882]
=300  \\$a1 volume :$c15 cmç
=336  \\$atext$2rdacontent
=337  \\$aunmediated$2rdamedia
=338  \\$avolume$2rdacarrier
=490  1\$6880-06$aKitâpḫâne-yi meşâhîr$v1
=500  \\$aSpecCol. c. 1 is a collection of all the titles in the series Kitaphane-yi meşahir.$5NNU
=500  \\$aSpecCol. c. 1 is bound in red leather, has watered silk endpaper and gilded edges. On front cover there are dedicatory inscriptions in Gold Ottoman Turkish and the sultanic seal (tuğra). The inscription in Ottoman Turkish reads: "el-sulṭân ibn el-sulṭân el-sulṭân al-ġâzî 'Abdülḥamîd Ḫân ḥażretlerının ṭaraf-i eşref mulûkânelerinden Vashington'da meclis-i mebʻûs̲an aʻżâʾından musyu Huvit ḥażretlerine ihdâ ettirilmiştir." On the back cover there are dedicatory inscriptions in English and French in gold and the symbol of the Ottoman state. The inscription in English reads: "Gift made by H.I.M. the Sultan Abdul-Hamid II to the honorable A.S. Hewitt[,] member of the House of Representatives in Washington[,] A.H. 1302 - 1884 A.D." The inscription in French reads: "Don fait par S.M.I le Sultan Abdul-Hamid II. a l'honorable M.A.S. Hewitt[,] membre de la Chambre des Representants a Washington[,] A.H. 1032 - 1884 A.D."$5NNU
=500  \\$aSpecCol. c. 1 was a gift of Abram Hewitt to the Library of New York University. Accession number 30474$5NNU
=510  4\$aÖzege, M.S. Eski harflerle,$c6476, 6024, 1513, 4296, 184, 697, 2703, 535, 2282, 6968. 2363.
=650  \0$aBiography$y19th century$x19th century.
=600  00$aEbüzziya Tevfik,$d1849-1913.
=740  02$6880-07$aĠâlîle
=740  02$6880-08$aNâpolyon
=740  02$6880-09$aDiyojen
=740  02$6880-10$aBenjâmin Franḳlin
=740  02$6880-11$aḤasan bin Ṣabbâḥ
=740  02$6880-12$aBüfon
=740  02$6880-13$aEzop
=740  02$6880-14$aYaḥyâ bin H̲âlid bin Barmak
=740  02$6880-15$aHârûn er-Reşît
=740  02$6880-16$aİbn Sînâ
=700  1\$aHewitt, Abram S.$q(Abram Stevens),$d1822-1903,$edonor.$5NNU
=700  0\$aAbdülhamid$bII,$cSultan of the Turks,$d1842-1918.$5NNU
=880  1\$6100-01/$aابو الضياء توفيق.
=880  10$6245-02/$aغوتانبرغ واختراع فن طبع \$cابو الضياء توفيق.
=880  18$6246-03/$aكتابخانهٔ مشاهير.
=880  \\$6250-04/$aبرنجى طبع.
=880  \1$6264-05/$aاستانبول :$b,مطبعهٔ ابو الضياء$c1299 [1882]
=880  1\$6490-06/$aكتابخانهٔ مشاهير$v1
=880  02$6740-07/$aغاليله
=880  02$6740-08/$aناپولیون
=880  02$6740-09/$aدیوژن
=880  02$6740-10/$aبنژامن فرانقلن
=880  02$6740-11/$aخسن بن صباح
=880  02$6740-12/$aبوفون
=880  02$6740-13/$aازوپ
=880  02$6740-14/$aيحيا بن خالد بن برمك.
=880  02$6740-15/$aهارون الرشيد.
=880  02$6740-16/$aابن سينا.
=830  \0$6880-17$aKitâph̲âne-yi meşâhîr ;$v1.
=880  \0$6830-17/$aكتابخانهٔ مشاهير ;$v1.
=852  0\$aNNU$bBFALE$cFALES$hZ126.Z7$iE28 1881$mNon-circulating$t1

