=LDR  02678nam a2200385 i 4500
=001  004276298
=004  004276298
=005  20160421113452.0
=008  160421s1882\\\\tu\\\\\\\\\\\\000\0\ara\d
=040  \\$aNNU$beng$erda$cNNU
=050  \4$aBP184.4$b.H3 1882
=100  1\$6880-01$aḤalabī, Ibrāhīm ibn Muḥammad,$d-1549 or 1550,$eauthor.
=240  10$6880-02$aMukhtaṣar Ghunyat al-mutamallī
=245  10$6880-03$aḤalabī ṣaghīr :$byaʻnī Ghunyat al-mutamallī.
=264  \1$6880-04$a[Istanbul] :$bMaṭbaʻa-yi ʻÂmire,$c1300 [1882]
=300  \\$a262, 3 pages ;$c22 cm.
=336  \\$atext$2rdacontent
=337  \\$aunmediated$2rdamedia
=338  \\$avolume$2rdacarrier
=500  \\$aSpecCol. c. 1 is bound in red leather, has watered silk endpaper and gilded edges. On front cover there are dedicatory inscriptions in Gold Ottoman Turkish and the sultanic seal (tuğra). The inscription in Ottoman Turkish reads: "el-sulṭân ibn el-sulṭân el-sulṭân al-ġâzî 'Abdülḥamîd H̲ân ḥażretlerının ṭaraf-i eşref mulûkânelerinden Vashington'da meclis-i mebʻûs̲an aʻżâʾından musyu Huvit ḥażretlerine ihdâ ettirilmiştir." On the back cover there are dedicatory inscriptions in English and French in gold and the symbol of the Ottoman state. The inscription in English reads: "Gift made by H.I.M. the Sultan Abdul-Hamid II to the honorable A.S. Hewitt[,] member of the House of Representatives in Washington[,] A.H. 1302 - 1884 A.D." The inscription in French reads: "Don fait par S.M.I le Sultan Abdul-Hamid II. a l'honorable M.A.S. Hewitt[,] membre de la Chambre des Representants a Washington[,] A.H. 1032 - 1884 A.D."$5NNU
=500  \\$aSpecCol. c. 1 was a gift of Abram Hewitt to the Library of the University of the City of New York. Accession number 7966L$5NNU
=600  10$aKashgharī, Sadīd al-Dīn,$dactive 13th century?$tMunyat al-muṣallī wa-ghunyat al-mubtadiʼ.
=650  \0$aPrayer$xIslam.
=650  \0$aIslamic law.
=650  \0$aPurity, Ritual$xIslam.
=650  \0$aHanafites.
=700  1\$aHewitt, Abram S.$q(Abram Stevens),$d1822-1903,$edonor.$5NNU
=700  0\$aAbdülhamid$bII,$cSultan of the Turks,$d1842-1918.$5NNU
=710  2\$6880-05$aMaṭbaʻa-yi ʻÂmire,$epublisher.
=880  1\$6100-01/$aحلبي، ابراهيم بن محمد،$d-1549 or 1550.
=880  10$6240-02/$aمختصر غنية المتملي
=880  10$6245-03/$aحلبي صغير$bيعني مختصر غنية المتملي.
=880  \1$6264-04/$a]استانبول] :$bمطبعهٔ عامره,$c1300 [1882]
=880  2\$6710-05/$aمطبعهٔ عامره.
=852  0\$aNNU$bBFALE$cFALES$hBP184.4$i.H3 1882$mNon-circulating$t1

