=LDR  03362cam a22004335a 4500
=001  004265018
=003  OCoLC
=004  004265018
=005  20160323152851.0
=008  160323s1882\\\\tu\\\\\\\\\\\\000\0\ara\d
=035  \\$a(OCoLC)122890802
=040  \\$aNjP$beng$erda$cEQO$dOCLCG$dOCLCA$dOCLCQ$dOCLCF$dOCLCO
=050  \4$aPJ6151$b.H3 1882
=066  \\$c(3
=100  0\$6880-01$aḤarīrī,$d1054-1122,$eauthor.
=240  10$6880-02$aDurrat al-ghawwāṣ fī awhām al-khawāṣṣ
=245  10$6880-03$aKitāb durrat al-ghawwāṣ fī awhām al-khawāṣṣ /$clil-ʻālim Abū Muḥammad al-Qāsim ibn ʻAlī al-Ḥarīrī. Wa-fī ākhirihi al-sharḥ lil-Imām Aḥmad Shihāb al-Dīn al-Khafājī.
=264  \1$6880-04$aQusṭanṭīnīyah :$bMaṭbaʻat al-Jawāʼib,$c1299 [1882]
=300  \\$a2 volumes in 1 ;$c24 cm
=336  \\$atext$btxt$2rdacontent
=337  \\$aunmediated$bn$2rdamedia
=338  \\$avolume$bnc$2rdacarrier
=500  \\$aSpecCol. c. 1 is bound in red leather, has watered silk endpaper and gilded edges. On front cover there are dedicatory inscriptions in Gold Ottoman Turkish and the sultanic seal (tuğra). The inscription in Ottoman Turkish reads: "el-sulṭân ibn el-sulṭân el-sulṭân al-ġâzî 'Abdülḥamîd H̲ân ḥażretlerının ṭaraf-i eşref mulûkânelerinden Vashington'da meclis-i mebʻûs̲an aʻżâʾından musyu Huvit ḥażretlerine ihdâ ettirilmiştir." On the back cover there are dedicatory inscriptions in English and French in gold and the symbol of the Ottoman state. The inscription in English reads: "Gift made by H.I.M. the Sultan Abdul-Hamid II to the honorable A.S. Hewitt[,] member of the House of Representatives in Washington[,] A.H. 1302 - 1884 A.D." The inscription in French reads: "Don fait par S.M.I le Sultan Abdul-Hamid II. a l'honorable M.A.S. Hewitt[,] membre de la Chambre des Representants a Washington[,] A.H. 1032 - 1884 A.D."$5NNU
=500  \\$aSpecCol. c. 1 was a gift of Abram Hewitt to the University of the City of New York. Accession number 8011L$5NNU
=650  \0$aArabic language$xSyntax.
=650  \7$aArabic language$xSyntax.$2fast$0(OCoLC)fst00812441
=700  1\$6880-05$aKhafājī, Aḥmad ibn Muḥammad,$d1571 or 1572-1659.
=740  0\$6880-06$aDurrat al-ghawwāṣ fī awhām al-khawāṣṣ.
=700  1\$aHewitt, Abram S.$q(Abram Stevens),$d1822-1903,$edonor.$5NNU
=700  0\$aAbdülhamid$bII,$cSultan of the Turks,$d1842-1918.$5NNU
=776  08$iOnline version:$aḤarīrī, 1054-1122.$sDurrat al-ghawwāṣ fī awhām al-khawāṣṣ.$tKitāb durrat al-ghawwāṣ fī awhām al-khawāṣṣ.$dQusṭanṭīnīyah : Maṭbaʻat al-Jawāʼib, 1299 [1882]$w(OCoLC)780208618
=880  0\$6100-01/$aحريري.
=880  10$6240-02/$aدرة الغواص في أوهام الخواص
=880  10$6245-03/$aكتاب درة الغواص في أوهام الخواص /$cللعالم أبو محمد القاسم بن علي الحريري. وفي آخره الشرح للإمام أحمد شهاب الدين الخفاجي.
=880  \1$6264-04/$aقسطنطينة :$bمطبعة الجوائب،$c١٢٩٩ [١٨٨٢]
=880  1\$6700-05/$aخفاجي، أحمد بن محمد.
=880  0\$6740-06/$aدرة الغواص في أحكام الخواص.
=852  0\$aNNU$bBFALE$cFALES$hPJ6151$i.H3 1882$mNon-circulating$t1
=994  \\$aZ0$bZYU

