=LDR  02316nam a2200325 i 4500
=001  004213817
=004  004213817
=005  20161101103838.0
=008  151209s1882\\\\tu\a\\\\\b\\\\000\0\ota\d
=040  \\$aNNU$beng$erda$cNNU
=043  \\$aa-tu---
=050  \4$aQM11$b.H37 1882
=100  0\$6880-01$aHasan Mazhar Paşa,$d1845-1920,$eauthor.
=245  10$6880-02$aAṭlâs-i teşrîh-i tavsîfî /$cḤasan Maẓhar.
=264  \1$6880-03$a[Istanbul] :$bḤakkâk Serviçen maṭba'ası,$c1300 [1882]
=300  \\$a298 pages :$bIllustrations ;$c23 cm.
=336  \\$atext$2rdacontent
=337  \\$aunmediated$2rdamedia
=338  \\$avolume$2rdacarrier
=500  \\$aSpecCol. c. 1 is bound in red leather, has watered silk endpaper and gilded edges. On front cover there are dedicatory inscriptions in Gold Ottoman Turkish and the sultanic seal (tuğra). The inscription in Ottoman Turkish reads: "el-sulṭân ibn el-sulṭân el-sulṭân al-ġâzî 'Abdülḥamîd Ḫân ḥażretlerının ṭaraf-i eşref mulûkânelerinden Vashington'da meclis-i mebʻûs̲an aʻżâʾından musyu Huvit ḥażretlerine ihdâ ettirilmiştir." On the back cover there are dedicatory inscriptions in English and French in gold and the symbol of the Ottoman state. The inscription in English reads: "Gift made by H.I.M. the Sultan Abdul-Hamid II to the honorable A.S. Hewitt[,] member of the House of Representatives in Washington[,] A.H. 1302 - 1884 A.D." The inscription in French reads: "Don fait par S.M.I le Sultan Abdul-Hamid II. a l'honorable M.A.S. Hewitt[,] membre de la Chambre des Representants a Washington[,] A.H. 1032 - 1884 A.D."$5NNU
=500  \\$aSpecCol. c. 1 was a gift of Abram Hewitt to the University of the City of New York. Accession number 7922L$5NNU
=650  \0$aHuman anatomy.
=650  \0$aHuman anatomy$xHistory.
=650  \0$aMedicine$zTurkey$xHistory$y19th century.
=700  1\$aHewitt, Abram S.$q(Abram Stevens),$d1822-1903,$edonor.$5NNU
=700  0\$aAbdülhamid$bII,$cSultan of the Turks,$d1842-1918.$5NNU
=880  1\$6100-01/$aحسن مظهر پاشا
=880  10$6245-02/$aاطلاس تشريح توصيفي \$cحسن مظهر.
=880  \1$6264-03/$a[ استانبول[:$bحکاک سرویچن مطبعهسی$c1300 [1882]
=852  0\$aNNU$bBFALE$cFALES$hQM11$i.H37 1882$mNon-circulating$t1

