=LDR  02323nam a2200325 i 4500
=001  004206085
=004  004206085
=005  20161101105417.0
=008  151111s1882\\\\tu\\\\\\\b\\\\000\0\ota\d
=040  \\$aNNU$beng$erda$cNNU
=043  \\$aa-tu---
=050  \4$aKKX3758$b.A85 1882
=066  \\$c(3
=245  00$6880-01$aʻAskerî cezâ Ḳânûnnâme-yi hümâyûnu
=264  \1$6880-02$a[Istanbul] :$bMekteb-i Fünûn-i Ḥarbiye-yi Ḥażret Şâhâne Maṭba'ası,$c1300 [1882]
=300  \\$a108 pages :$c18 cm.
=336  \\$atext$2rdacontent
=337  \\$aunmediated$2rdamedia
=338  \\$avolume$2rdacarrier
=500  \\$aSpecCol. c. 1 is bound in red leather, has watered silk endpaper and gilded edges. On front cover there are dedicatory inscriptions in Gold Ottoman Turkish and the sultanic seal (tuğra). The inscription in Ottoman Turkish reads: "el-sulṭân ibn el-sulṭân el-sulṭân al-ġâzî 'Abdülḥamîd Ḫân ḥażretlerının ṭaraf-i eşref mulûkânelerinden Vashington'da meclis-i mebʻûs̲an aʻżâʾından musyu Huvit ḥażretlerine ihdâ ettirilmiştir." On the back cover there are dedicatory inscriptions in English and French in gold and the symbol of the Ottoman state. The inscription in English reads: "Gift made by H.I.M. the Sultan Abdul-Hamid II to the honorable A.S. Hewitt[,] member of the House of Representatives in Washington[,] A.H. 1302 - 1884 A.D." The inscription in French reads: "Don fait par S.M.I le Sultan Abdul-Hamid II. a l'honorable M.A.S. Hewitt[,] membre de la Chambre des Representants a Washington[,] A.H. 1032 - 1884 A.D."$5NNU
=500  \\$aSpecCol. c. 1 was a gift of Abram Hewitt to the University of the City of New York. Accession number 8040L$5NNU
=510  4\$aÖzege, M.S. Eski harflerle,$c980
=650  \0$aMilitary offenses$zTurkey.
=651  \0$aMilitary law$zTurkey.
=650  \0$aCourts-martial and courts of inquiry$zTurkey.
=700  1\$aHewitt, Abram S.$q(Abram Stevens),$d1822-1903,$edonor.$5NNU
=700  0\$aAbdülhamid$bII,$cSultan of the Turks,$d1842-1918.$5NNU
=880  00$6245-01/$aعسكرى جزا قانوننامهٔ همايونى
=880  \1$6264-02/$a[Istanbul] :$bمكتب فنون حربيهٔ حضرت شاهانه مطبعه سى,$c1300 [1882]
=852  0\$aNNU$bBFALE$cFALES$hKKX3758$i.A85 1882$mNon-circulating$t1

