=LDR  02330nam a2200349 i 4500
=001  004227237
=004  004227237
=005  20161101105437.0
=008  160122s1882\\\\tu\a\\\\\b\\\\000\0\ota\d
=040  \\$aNNU$beng$erda$cNNU
=043  \\$aa-tu---
=050  \4$aHF5616.T9$bM848 1882
=245  00$6880-01$aMuḫtaṣar-i uṣûl-i defterî.
=250  \\$6880-02$aBirnci defa.
=264  \1$6880-03$aIstanbul :$bMaṭbaʻa-yi Ârâmyân,$c1300 [1882 or 1883]
=300  \\$a72 pages ;$bIllustrations :$c18 cm.
=336  \\$atext$2rdacontent
=337  \\$aunmediated$2rdamedia
=338  \\$avolume$2rdacarrier
=500  \\$aSpecCol. c. 1 is bound in red leather, has watered silk endpaper and gilded edges. On front cover there are dedicatory inscriptions in Gold Ottoman Turkish and the sultanic seal (tuğra). The inscription in Ottoman Turkish reads: "el-sulṭân ibn el-sulṭân el-sulṭân al-ġâzî 'Abdülḥamîd Ḫân ḥażretlerının ṭaraf-i eşref mulûkânelerinden Vashington'da meclis-i mebʻûs̲an aʻżâʾından musyu Huvit ḥażretlerine ihdâ ettirilmiştir." On the back cover there are dedicatory inscriptions in English and French in gold and the symbol of the Ottoman state. The inscription in English reads: "Gift made by H.I.M. the Sultan Abdul-Hamid II to the honorable A.S. Hewitt[,] member of the House of Representatives in Washington[,] A.H. 1302 - 1884 A.D." The inscription in French reads: "Don fait par S.M.I le Sultan Abdul-Hamid II. a l'honorable M.A.S. Hewitt[,] membre de la Chambre des Representants a Washington[,] A.H. 1032 - 1884 A.D."$5NNU
=500  \\$aSpecCol. c. 1 was a gift of Abram Hewitt to the University of the City of New York. Accession number 7893L$5NNU
=510  4\$aÖzege, M.S. Eski harflerle,$c14294
=650  \0$aAccounting.
=650  \0$aAccounting$zTurkey$y19th century.
=650  \0$aBookkeeping.
=650  \0$aBookkeeping$zTurkey$y19th century.
=700  1\$aHewitt, Abram S.$q(Abram Stevens),$d1822-1903,$edonor.$5NNU
=700  0\$aAbdülhamid$bII,$cSultan of the Turks,$d1842-1918.$5NNU
=880  00$6245-01/$aمختصر اصول دفترى.
=880  \\$6250-02/$aبرنجى دفعه.
=880  \1$6264-03/$aأستانبول :$aمطبعهٔ آراميان,$a1300 [1882 or 1883]
=852  0\$aNNU$bBFALE$cFALES$hHF5616.T9$iM848 1882$mNon-circulating$t1

