=LDR  02176nam a2200301 i 4500
=001  004259856
=004  004259856
=005  20161207105507.0
=008  160304s1882\\\\tu\\\\\\\\\\\\000\0\ota\d
=040  \\$aNNU$beng$erda$cNNU
=043  \\$aa-tu---
=050  \4$aQA445$b.M84 1882
=245  00$6880-01$aMuḫtaṣar-ı hendese /$cmütercimi A...R.
=264  \1$6880-02$aİstanbul :$bMihrân Maṭbaʻası,$c1300 [1882 or 1883]
=300  \\$a80 pages :$billustrations ;$c19 cm.
=336  \\$atext$2rdacontent
=337  \\$aunmediated$2rdamedia
=338  \\$avolume$2rdacarrier
=500  \\$aSpecCol. c. 1 is bound in red leather, has watered silk endpaper and gilded edges. On front cover there are dedicatory inscriptions in Gold Ottoman Turkish and the sultanic seal (tuğra). The inscription in Ottoman Turkish reads: "el-sulṭân ibn el-sulṭân el-sulṭân al-ġâzî 'Abdülḥamîd Ḫân ḥażretlerının ṭaraf-i eşref mulûkânelerinden Vashington'da meclis-i mebʻûs̲an aʻżâʾından musyu Huvit ḥażretlerine ihdâ ettirilmiştir." On the back cover there are dedicatory inscriptions in English and French in gold and the symbol of the Ottoman state. The inscription in English reads: "Gift made by H.I.M. the Sultan Abdul-Hamid II to the honorable A.S. Hewitt[,] member of the House of Representatives in Washington[,] A.H. 1302 - 1884 A.D." The inscription in French reads: "Don fait par S.M.I le Sultan Abdul-Hamid II. a l'honorable M.A.S. Hewitt[,] membre de la Chambre des Representants a Washington[,] A.H. 1032 - 1884 A.D."$5NNU
=500  \\$aSpecCol. c. 1 was a gift of Abram Hewitt to the University of the City of New York. Accession number 7856L$5NNU
=510  4\$aÖzege, M.S. Eski harflerle,$c14199
=650  \0$aGeometry$zTurkey$y19th century.
=650  \0$aGeometry.
=700  1\$aHewitt, Abram S.$q(Abram Stevens),$d1822-1903,$edonor.$5NNU
=700  0\$aAbdülhamid$bII,$cSultan of the Turks,$d1842-1918.$5NNU
=880  00$6245-01/$aمختصر هندسه \$cمترجمى ا...ر.
=880  \1$6264-02/$aاستانبول :$bمهران مطبعهسى,$c1300 [1882 or 1883]
=852  0\$aNNU$bBFALE$cFALEF$hQA445$i.M84 1882$mNon-circulating$t1

