=LDR  03832cas a2200613 a 4500
=001  004305440
=003  OCoLC
=005  20160523161627.0
=007  ta
=008  160518u1882uuuutu\uu\p\\\\\\f0\\\\0ota\c
=010  \\$a2008223098
=035  \\$a(OCoLC)42949705
=040  \\$aPUL$beng$cPUL$dOCLCQ$dCLU$dOCLCQ$dNDD$dOCLCF
=042  \\$apcc
=043  \\$aa-tu---
=050  14$aDR448$b.M336
=066  \\$c(3
=245  00$6880-01$aMecmua-i fünūn-i askeriye.
=246  3\$aMeǧmūʻa-i fünūn-i ʻaskeriye
=246  3\$6880-02$aFünun askeriye
=264  \1$6880-03$aİstanbul :$bHarbiye Nezareti, ʻUmum Erkān Ḥarbiye Dāʼiresi,$c1882-
=300  \\$aVolumes :$bmaps ;$c23 cm.
=336  \\$atext$btxt$2rdacontent
=337  \\$aunmediated$bn$2rdamedia
=338  \\$avolume$bnc$2rdacarrier
=362  0\$6880-03$aJamādī al-Ākhir 1299 (Apr. 1882)-
=500  \\$aTitle from caption.
=500  \\$aSpecCol. c. 1 is bound in red leather, has watered silk endpaper and gilded edges. On front cover there are dedicatory inscriptions in Gold Ottoman Turkish and the sultanic seal (tuğra). The inscription in Ottoman Turkish reads: "el-sulṭân ibn el-sulṭân el-sulṭân al-ġâzî 'Abdülḥamîd H̲ân ḥażretlerının ṭaraf-i eşref mulûkânelerinden Vashington'da meclis-i mebʻûs̲an aʻżâʾından musyu Huvit ḥażretlerine ihdâ ettirilmiştir." On the back cover there are dedicatory inscriptions in English and French in gold and the symbol of the Ottoman state. The inscription in English reads: "Gift made by H.I.M. the Sultan Abdul-Hamid II to the honorable A.S. Hewitt[,] member of the House of Representatives in Washington[,] A.H. 1302 - 1884 A.D." The inscription in French reads: "Don fait par S.M.I le Sultan Abdul-Hamid II. a l'honorable M.A.S. Hewitt[,] membre de la Chambre des Representants a Washington[,] A.H. 1032 - 1884 A.D."$5NNU
=500  \\$aSpecCol. c. 1 vol. 1 was a gift of Abram Hewitt to the University of the City of New York. Accession number 8070L$5NNU
=500  \\$aSpecCol. c. 1 vol. 2 was a gift of Abram Hewitt to the University of the City of New York. Accession number 8071L$5NNU
=500  \\$aSpecCol. c. 1 vol. 4 was a gift of Abram Hewitt to the University of the City of New York. Accession number 8072L$5NNU
=500  \\$aSpecCol. c. 1 vol. 4 was a gift of Abram Hewitt to the University of the City of New York. Accession number 7960L$5NNU
=546  \\$aIn Ottoman Turkish.
=588  \\$aLatest issue consulted: Rabīʻ al-Ākhir 1302 (Feb. 1885).
=651  \0$aTurkey$xHistory, Military$vPeriodicals.
=630  00$aMilitary$vPeriodicals.
=630  07$aMilitary.$2fast$0(OCoLC)fst01359789
=651  \7$aTurkey.$2fast$0(OCoLC)fst01208963
=655  \7$aMilitary history.$2fast$0(OCoLC)fst01411630
=655  \7$aPeriodicals.$2fast$0(OCoLC)fst01411641
=710  1\$6880-04$aTurkey.$bHarbiye Nezareti.$bUmum Erkân-i Harbiye Dairesi.
=775  08$iAvailable aslso on microfilm:$tMecmua-i funun-u askeriye$w(DLC)sn 94091365$w(OCoLC)32931301
=776  08$iOnline version:$tMecmua-i fünūn-i askeriye$w(OCoLC)663422762
=700  1\$aHewitt, Abram S.$q(Abram Stevens),$d1822-1903,$edonor.$5NNU
=700  0\$aAbdülhamid$bII,$cSultan of the Turks,$d1842-1918.$5NNU
=880  00$6245-01/$aمجموعة فنون عسكرية.
=880  3\$6246-02/$aفنون عسكرية
=880  \1$6264-03/$aاستانبول :$bحربيه نظارتى, عموم اركان حربيه دائرهسى,$c1882-
=880  0\$6362-03/$aجمادي الاخر 1299 (Apr. 1882).
=880  1\$6710-04/$aTurkey.$bحربية نظارتي.$bعموم اركان حربية دائره سى.
=866  41$lBobst SpecCol$dDR448 .M336$e1605$j1-5$k1882-1883
=852  0\$aNNU$bBFALE$cFALES$hDR448$i.M336$mNon-circulating
=853  20$81$av.$i(year)$wx
=994  \\$aZ0$bZYU

