=LDR  02581cas a2200421 a 4500
=001  004305457
=003  OCoLC
=005  20160523154008.0
=007  ta
=008  160518d1882188utu\\x\\\\\\\\\0\\\\0otarc
=010  \\$asn 91038213
=035  \\$a(OCoLC)24315353
=040  \\$aWAU$beng$erda$cWAU$dOCLCQ$dOCLCF$dOCLCO
=042  \\$apcc
=050  \4$aG1$b.M57
=245  00$6880-01$aMirʼat-i alem.
=264  \1$aİstanbul :$b[Mirʼat-i alem],$c1299 [i.e. 1881]-
=300  \\$av. :$bill. ;$c30-35 cm.
=310  \\$aIrregular
=336  \\$atext$2rdacontent
=337  \\$aunmediated$2rdamedia
=338  \\$avolume$2rdacarrier
=362  0\$aNumara 1 (1 Muharram 1299 = 23 Tişrin-i Sani 1881)- ; sene 1, jild 1, adet 1 (14 Ramazan 1301 = 25 Haziran 1300 i.e. 1884)-
=500  \\$aSpecCol. c. 1 is bound in red leather, has watered silk endpaper and gilded edges. On front cover there are dedicatory inscriptions in Gold Ottoman Turkish and the sultanic seal (tuğra). The inscription in Ottoman Turkish reads: "el-sulṭân ibn el-sulṭân el-sulṭân al-ġâzî 'Abdülḥamîd H̲ân ḥażretlerının ṭaraf-i eşref mulûkânelerinden Vashington'da meclis-i mebʻûs̲an aʻżâʾından musyu Huvit ḥażretlerine ihdâ ettirilmiştir." On the back cover there are dedicatory inscriptions in English and French in gold and the symbol of the Ottoman state. The inscription in English reads: "Gift made by H.I.M. the Sultan Abdul-Hamid II to the honorable A.S. Hewitt[,] member of the House of Representatives in Washington[,] A.H. 1302 - 1884 A.D." The inscription in French reads: "Don fait par S.M.I le Sultan Abdul-Hamid II. a l'honorable M.A.S. Hewitt[,] membre de la Chambre des Representants a Washington[,] A.H. 1032 - 1884 A.D."$5NNU
=500  \\$aSpecCol. c. 1 vol. 1 was a gift of Abram Hewitt to the University of the City of New York. Accession number 7810L$5NNU
=515  \\$aInconsistencies in numbering and dates.
=546  \\$aIn Ottoman Turkish.
=588  \\$aLatest issue consulted: Sene 1, jild 1, adet 6 (16 Safer 1302 = 22 Teşrin-i evvel 1300).
=650  \0$aGeography$vPeriodicals.
=650  \7$aGeography.$2fast$0(OCoLC)fst00940469
=655  \7$aPeriodicals.$2fast$0(OCoLC)fst01411641
=700  1\$aHewitt, Abram S.$q(Abram Stevens),$d1822-1903,$edonor.$5NNU
=700  0\$aAbdülhamid$bII,$cSultan of the Turks,$d1842-1918.$5NNU
=880  00$6245-01/$aمرات عالم
=866  41$lBobst SpecCol$dG1 .M57$e1605$j1-24$k1881-1882
=852  0\$aNNU$bBFALE$cFALES$hG1$i.M57$mNon-circulating
=853  20$81$ano.$i(year)$wx
=994  \\$aZ0$bZYU

