=LDR  02662cas a22004575i 4500
=001  004305476
=003  OCoLC
=005  20160523163042.0
=007  ta
=008  160518d1882188utu\uu\|\\\\\\\0\\\\0ota\d
=035  \\$a(OCoLC)321084944
=040  \\$aNjP$beng$erda$cPUL$dOCLCF$dOCLCO
=043  \\$aa-tu---
=050  \4$aLA941$b.M43
=245  00$6880-01$aMedrese-yi fünûn.
=246  3\$aMedrese-i fünûn
=264  \1$6880-02$a[Istanbul] :$bMedrese-yi fünûn,$c1300- [1882- ]
=300  \\$a8 volumes ;$c24 cm.
=336  \\$atext$2rdacontent
=337  \\$aunmediated$2rdamedia
=338  \\$avolume$2rdacarrier
=362  0\$aNumara 1 (15 Safer 1300 [26 Dec. 1882])-
=500  \\$aSpecCol. c. 1 is bound in red leather, has watered silk endpaper and gilded edges. On front cover there are dedicatory inscriptions in Gold Ottoman Turkish and the sultanic seal (tuğra). The inscription in Ottoman Turkish reads: "el-sulṭân ibn el-sulṭân el-sulṭân al-ġâzî 'Abdülḥamîd H̲ân ḥażretlerının ṭaraf-i eşref mulûkânelerinden Vashington'da meclis-i mebʻûs̲an aʻżâʾından musyu Huvit ḥażretlerine ihdâ ettirilmiştir." On the back cover there are dedicatory inscriptions in English and French in gold and the symbol of the Ottoman state. The inscription in English reads: "Gift made by H.I.M. the Sultan Abdul-Hamid II to the honorable A.S. Hewitt[,] member of the House of Representatives in Washington[,] A.H. 1302 - 1884 A.D." The inscription in French reads: "Don fait par S.M.I le Sultan Abdul-Hamid II. a l'honorable M.A.S. Hewitt[,] membre de la Chambre des Representants a Washington[,] A.H. 1032 - 1884 A.D."$5NNU
=500  \\$aSpecCol. c. 1 vol. 1 was a gift of Abram Hewitt to the Library of New York University. Accession number 30489$5NNU
=546  \\$aTurkish in Arabic script.
=650  \0$aEducation$xPeriodicals.
=650  \0$aScience$xPeriodicals.
=651  \0$aTurkey$xPeriodicals.
=650  \7$aEducation.$2fast$0(OCoLC)fst00902499
=650  \7$aScience.$2fast$0(OCoLC)fst01108176
=651  \7$aTurkey.$2fast$0(OCoLC)fst01208963
=655  \7$aPeriodicals.$2fast$0(OCoLC)fst01411641
=700  1\$aHewitt, Abram S.$q(Abram Stevens),$d1822-1903,$edonor.$5NNU
=700  0\$aAbdülhamid$bII,$cSultan of the Turks,$d1842-1918.$5NNU
=776  08$iOnline version:$tMedrese-yi fünûn$w(OCoLC)780205499
=880  00$6245-01/$aمدرسهٔ فنون.
=880  \1$6264-02/$a]استانبول] :$bمدرسهٔ فنون,$c1300- [1882-]
=866  41$lBobst SpecCol$dLA941 .M43$e1605$j1-8$k1883
=852  0\$aNNU$bBFALE$cFALES$hLA941$i.M43$mNon-circulating
=853  20$81$ano.$i(year)$wx
=994  \\$aZ0$bZYU

