=LDR  02322nam a2200289 i 4500
=001  004204359
=004  004204359
=005  20170630124336.0
=008  151106s1882\\\\tu\d\\\\\\\\\\000\0\ota\d
=040  \\$aNNU$beng$erda$cNNU
=050  \4$aDR448$b.H87 1883
=100  1\$6880-01$aHüsni, Hasan,$eauthor.
=245  10$6880-02$aİstiḫrâc-ı taʻyînât :$byâḫut Hâżir-i ḥesâb-ı ʻaskerî /$ces̲er-i ṭâbûr kâtibi Ḥasan Ḥüsnî.
=264  \1$6880-03$aİstanbul :$bCerîde-yi ʻAskeriye Maṭbaʻası,$c1301 [1883 or 1884]
=300  \\$a118 pages ;$c23 cm
=336  \\$atext$2rdacontent
=337  \\$aunmediated$2rdamedia
=338  \\$avolume$2rdacarrier
=500  \\$aSpecCol. c. 1 is bound in red leather, has watered silk endpaper and gilded edges. On front cover there are dedicatory inscriptions in Gold Ottoman Turkish and the sultanic seal (tuğra). The inscription in Ottoman Turkish reads: "el-sulṭân ibn el-sulṭân el-sulṭân al-ġâzî 'Abdülḥamîd Ḫân ḥażretlerının ṭaraf-i eşref mulûkânelerinden Vashington'da meclis-i mebʻûs̲an aʻżâʾından musyu Huvit ḥażretlerine ihdâ ettirilmiştir." On the back cover there are dedicatory inscriptions in English and French in gold and the symbol of the Ottoman state. The inscription in English reads: "Gift made by H.I.M. the Sultan Abdul-Hamid II to the honorable A.S. Hewitt[,] member of the House of Representatives in Washington[,] A.H. 1302 - 1884 A.D." The inscription in French reads: "Don fait par S.M.I le Sultan Abdul-Hamid II. a l'honorable M.A.S. Hewitt[,] membre de la Chambre des Representants a Washington[,] A.H. 1032 - 1884 A.D."$5NNU
=500  \\$aSpecCol. c. 1 was a gift of Abram Hewitt to the University of the City of New York. Accession number 8004L$5NNU
=610  10$aTurkey.$bOrdu$y19th century.
=700  1\$aHewitt, Abram S.$q(Abram Stevens),$d1822-1903,$edonor.$5NNU
=700  0\$aAbdülhamid$bII,$cSultan of the Turks,$d1842-1918.$5NNU
=880  1\$6100-01/$aحسنى, حسن.
=880  10$6245-02/$aاستخراج تعيينات :$bياخود حاضر حساب عسكري \$cاثر طابور كاتبي حسن حسني.
=880  \1$6264-03/$aاستانبول :$bجریدهٔ عسکریهطبعهسي,$c1301 [1883 or 1884]
=852  0\$aNNU$bBFALE$cFALES$hDR448$i.H87 1883$mNon-circulating$t1

