=LDR  02715nam a2200373 i 4500
=001  004273090
=004  004273090
=005  20160413113818.0
=008  160413s1882\\\\tu\\\\\\\\\\\\000\0\ara\d
=040  \\$aNNU$beng$erda$cNNU
=050  \4$aBP152$b.M815 1882
=100  0\$6880-01$aHüsrev,$cMolla,$d-1480,$eauthor.
=245  13$6880-02$aal-Juzʼ al-awwal [-al-thānī] min Durar al-ḥukkām fī sharḥ Ghurar al-aḥkām.
=246  3\$6880-03$aDurar al-ḥukkām fī sharḥ Ghurar al-aḥkām
=264  \1$6880-04$a[Istanbul] :$bMuḥammad Asʻad,$c1300 [1882 or 1883]
=300  \\$a2 volumes in 1 ;$c23 cm.
=336  \\$atext$2rdacontent
=337  \\$aunmediated$2rdamedia
=338  \\$avolume$2rdacarrier
=500  \\$aSpecCol. c. 1 is bound in red leather, has watered silk endpaper and gilded edges. On front cover there are dedicatory inscriptions in Gold Ottoman Turkish and the sultanic seal (tuğra). The inscription in Ottoman Turkish reads: "el-sulṭân ibn el-sulṭân el-sulṭân al-ġâzî 'Abdülḥamîd H̲ân ḥażretlerının ṭaraf-i eşref mulûkânelerinden Vashington'da meclis-i mebʻûs̲an aʻżâʾından musyu Huvit ḥażretlerine ihdâ ettirilmiştir." On the back cover there are dedicatory inscriptions in English and French in gold and the symbol of the Ottoman state. The inscription in English reads: "Gift made by H.I.M. the Sultan Abdul-Hamid II to the honorable A.S. Hewitt[,] member of the House of Representatives in Washington[,] A.H. 1302 - 1884 A.D." The inscription in French reads: "Don fait par S.M.I le Sultan Abdul-Hamid II. a l'honorable M.A.S. Hewitt[,] membre de la Chambre des Representants a Washington[,] A.H. 1032 - 1884 A.D."$5NNU
=500  \\$aSpecCol. c. 1 was a gift of Abram Hewitt to the Library of New York University. Accession number 30496.$5NNU
=600  00$aHüsrev,$cMolla,$d-1480.$tDurar al-ḥukkām.
=600  00$aHüsrev,$cMolla,$d-1480.$tGhurar al-aḥkām.
=650  \0$aIslamic law$xInterpretation and construction$vEarly works to 1800.
=650  \0$aHanafites$vEarly works to 1800.
=700  1\$aHewitt, Abram S.$q(Abram Stevens),$d1822-1903,$edonor.$5NNU
=700  0\$aAbdülhamid$bII,$cSultan of the Turks,$d1842-1918.$5NNU
=710  2\$6880-05$aMuḥammad Asʻad,$epublisher.
=880  0\$6100-01/$aخسرو,$cملا,$d-1480.
=880  13$6245-02/$aالجزء الاول- [الثاني] من درر الحكام في شرح غرر الاحكام.
=880  3\$6246-03/$aدرر الحكام في شرح غرر الاحكام
=880  \1$6264-04/$a[استانبول[ :$aمحمد اسعد,$a1300 [1882 or 1883]
=880  2\$6710-05/$aمحمد اسعد.
=852  0\$aNNU$bBFALE$cFALES$hBP152$i.M815 1882$mNon-circulating$t1

