=LDR  03436cam a2200469Mi 4500
=001  004276315
=003  OCoLC
=004  004276315
=005  20160421121237.0
=008  160421s1882\\\\tu\\\\\\\\\\\\000\0\ara\d
=035  \\$a(OCoLC)777083085
=040  \\$aPUL$beng$erda$cPUL$dOCLCQ$dOCLCO$dNNU
=050  \4$aPJ6161$b.K376 1882
=100  1\$6880-01$aKarmī, Marʻī ibn Yūsuf,$d-1623 or 1624,$eauthor.
=240  10$6880-02$aInshāʼ Marʻī wa-inshāʼ al-ʻAṭṭār
=245  10$6880-03$aKitāb Inshāʼ Marʻī wa-inshāʼ al-ʻAṭṭār /$cMarʻī ibn Yūsuf ibn Abī Bakr ibn Aḥmad al-Maqdisī al-Ḥanbalī.
=250  \\$6880-04$aal-Ṭabʻah 2.
=260  \\$6880-05$a[Istanbul] :$bMaṭbaʻat al-Jawāʼib,$c1299 [1882]
=300  \\$a229 pages ;$c22 cm
=336  \\$atext$btxt$2rdacontent
=337  \\$aunmediated$bn$2rdamedia
=338  \\$avolume$bnc$2rdacarrier
=500  \\$aSpecCol. c. 1 is bound in red leather, has watered silk endpaper and gilded edges. On front cover there are dedicatory inscriptions in Gold Ottoman Turkish and the sultanic seal (tuğra). The inscription in Ottoman Turkish reads: "el-sulṭân ibn el-sulṭân el-sulṭân al-ġâzî 'Abdülḥamîd H̲ân ḥażretlerının ṭaraf-i eşref mulûkânelerinden Vashington'da meclis-i mebʻûs̲an aʻżâʾından musyu Huvit ḥażretlerine ihdâ ettirilmiştir." On the back cover there are dedicatory inscriptions in English and French in gold and the symbol of the Ottoman state. The inscription in English reads: "Gift made by H.I.M. the Sultan Abdul-Hamid II to the honorable A.S. Hewitt[,] member of the House of Representatives in Washington[,] A.H. 1302 - 1884 A.D." The inscription in French reads: "Don fait par S.M.I le Sultan Abdul-Hamid II. a l'honorable M.A.S. Hewitt[,] membre de la Chambre des Representants a Washington[,] A.H. 1032 - 1884 A.D."$5NNU
=500  \\$aSpecCol. c. 1 was a gift of Abram Hewitt to the Library of New York University. Accession number 30464.$5NNU
=650  \0$aLetter writing, Arabic.
=650  \0$aArabic language$xRhetoric.
=700  1\$6880-06$aʻAṭṭār, Ḥasan ibn Muḥammad,$d1776?-1834 or 1835,$eauthor.
=700  1\$aHewitt, Abram S.$q(Abram Stevens),$d1822-1903,$edonor.$5NNU
=700  0\$aAbdülhamid$bII,$cSultan of the Turks,$d1842-1918.$5NNU
=710  2\$6880-05$aMaṭbaʻat al-Jawāʼib,$epublisher.
=740  0\$6880-07$aInshāʼ Marʻī wa-inshāʼ al-ʻAṭṭār.
=776  08$iOnline version:$aKarmī, Marʻī ibn Yūsuf, -1623 or 4.$sInshāʼ Marʻī wa-inshāʼ al-ʻAṭṭār.$tKitāb Inshāʼ Marʻī wa-inshāʼ al-ʻAṭṭār.$bal-Ṭabʻah 2.$d[Istanbul] : Maṭbaʻat al-Jawāʼib, 1299 [1882]$w(OCoLC)780208776
=880  1\$6100-01/$aكرمي، مرعي بن يوسف،$d-1623 or 1624.
=880  10$6240-02/$aانشاء مرعي وانشاء العطار
=880  10$6245-03/$aكتاب انشاء مرعي وانشاء العطار /$cمرعي بن يوسف بن ابي بكر بن احمد المقدسي الحنبلي.
=880  \\$6250-04/$aالطبعة 2.
=880  \\$6260-05/$a[استنانبول] :$bمطبعة الجوائب،$c1299 [1882]
=880  1\$6700-06/$aعطار، حسن بن محمد،$d1776?-1834 or 1835.
=880  2\$6710-05/$aمطبعة الجوائب.
=880  0\$6740-07/$aانشاء مرعي وانشاء العطار.
=852  0\$aNNU$bBFALE$cFALES$hPJ6161$i.K376 1882$mNon-circulating$t1
=994  \\$aC0$bZYU

