=LDR  02489nam a2200337 i 4500
=001  004267209
=004  004267209
=005  20160330144118.0
=008  160330s1882\\\\tu\\\\\\\\\\\\000\f\ota\d
=040  \\$aNNU$beng$erda$cNNU
=043  \\$aa-tu---
=050  \4$aPQ2315$b. S719 1882
=100  1\$aKarr, Alphonse,$d1808-1890,$eauthor.
=240  10$aSous les tilleuls.$lOttoman Turkish.
=245  10$6880-01$aİh̲lamur altı /$cmüellifi, Alfons Ḳar; mütercimi, Maḥmût Şevket Paşa.
=264  \1$6880-02$aİstanbul :$bKarabet;$bMihrân Maṭbaʻası,$c1298 [1882]
=300  \\$a368 pages ;$c24 cm.
=336  \\$atext$2rdacontent
=337  \\$aunmediated$2rdamedia
=338  \\$avolume$2rdacarrier
=500  \\$aSpecCol. c. 1 is bound in red leather, has watered silk endpaper and gilded edges. On front cover there are dedicatory inscriptions in Gold Ottoman Turkish and the sultanic seal (tuğra). The inscription in Ottoman Turkish reads: "el-sulṭân ibn el-sulṭân el-sulṭân al-ġâzî 'Abdülḥamîd H̲ân ḥażretlerının ṭaraf-i eşref mulûkânelerinden Vashington'da meclis-i mebʻûs̲an aʻżâʾından musyu Huvit ḥażretlerine ihdâ ettirilmiştir." On the back cover there are dedicatory inscriptions in English and French in gold and the symbol of the Ottoman state. The inscription in English reads: "Gift made by H.I.M. the Sultan Abdul-Hamid II to the honorable A.S. Hewitt[,] member of the House of Representatives in Washington[,] A.H. 1302 - 1884 A.D." The inscription in French reads: "Don fait par S.M.I le Sultan Abdul-Hamid II. a l'honorable M.A.S. Hewitt[,] membre de la Chambre des Representants a Washington[,] A.H. 1032 - 1884 A.D."$5NNU
=500  \\$aSpecCol. c. 1 was a gift of Abram Hewitt to the Library of the University of the City of New York. Accession number 7969L$5NNU
=510  4\$aÖzege, M.S. Eski harflerle,$c8129
=650  \0$aFrench litereature$zTurkey$y19th century.
=700  1\$6880-03$aMaḥmût Şevket Paşa,$etranslator.
=700  1\$aHewitt, Abram S.$q(Abram Stevens),$d1822-1903,$edonor.$5NNU
=700  0\$aAbdülhamid$bII,$cSultan of the Turks,$d1842-1918.$5NNU
=880  10$6245-01/$aاخلامور التى \$cمؤلفى الفونس قار؛ مترجمى محمود شوكت پاشا.
=880  \1$6264-02/$aاستانبول :$bقرهبت ؛$bمهران مطبعهسى,$c1298 [1882]
=880  1\$6700-03/$aمحمود شوكت پاشا.
=852  0\$aNNU$bBFALE$cFALES$hPQ2315$i. S719 1882$mNon-circulating$t1

