=LDR  02427cam a22003855i 4500
=001  004276472
=003  OCoLC
=004  004276472
=005  20160422113004.0
=008  160422s1882\\\\tu\\\\\\\\\\\\000\0\ota\d
=035  \\$a(OCoLC)31447833
=040  \\$aHLS$beng$cHLS$dOCLCQ$dOCLCF$dOCLCO$dOCLCQ
=043  \\$aa-tu---
=050  \4$aG74$b.H87 1882
=100  0\$6880-01$aKavalalı İbrahim Paşazade Hüseyin Hüsnü,$eauthor.
=245  10$6880-02$aİcmal-i coğrafya /$ceser-i Hüseyin Hüsnü.
=264  \1$6880-03$aİstanbul :$bAramyan Matbaası,$c1300 [1882]
=300  \\$a140 pages ;$c23 cm.
=336  \\$atext$btxt$2rdacontent
=337  \\$aunmediated$bn$2rdamedia
=338  \\$avolume$bnc$2rdacarrier
=500  \\$aSpecCol. c. 1 was bound in red leather, has watered silk endpaper and gilded edges. On front cover there are dedicatory inscriptions in Gold Ottoman Turkish and the sultanic seal (tuğra). The inscription in Ottoman Turkish reads: "el-sulṭân ibn el-sulṭân el-sulṭân al-ġâzî 'Abdülḥamîd H̲ân ḥażretlerının ṭaraf-i eşref mulûkânelerinden Vashington'da meclis-i mebʻûs̲an aʻżâʾından musyu Huvit ḥażretlerine ihdâ ettirilmiştir." On the back cover there are dedicatory inscriptions in English and French in gold and the symbol of the Ottoman state. The inscription in English reads: "Gift made by H.I.M. the Sultan Abdul-Hamid II to the honorable A.S. Hewitt[,] member of the House of Representatives in Washington[,] A.H. 1302 - 1884 A.D." The inscription in French reads: "Don fait par S.M.I le Sultan Abdul-Hamid II. a l'honorable M.A.S. Hewitt[,] membre de la Chambre des Representants a Washington[,] A.H. 1032 - 1884 A.D."$5NNU
=510  4\$aÖzege, M.S. Eski harflerle,$c8414
=650  \0$aGeography.
=650  \0$aGeography$zTurkey$y19th century.
=650  \7$aGeography.$2fast$0(OCoLC)fst00940469
=700  1\$aHewitt, Abram S.$q(Abram Stevens),$d1822-1903,$edonor.$5NNU
=700  0\$aAbdülhamid$bII,$cSultan of the Turks,$d1842-1918.$5NNU
=710  2\$6880-04$aArâmyân Maṭbaʻası,$epublisher.
=880  0\$6100-01/$aحسين حسنى.
=880  10$6245-02/$aاجمال جغرافيا \$cاثر حسين حسنى.
=880  \1$6264-03/$aاستانبول :$bاراميان مطبعهسى,$c1300 [1882]
=880  2\$6710-04/$aاراميان مطبعهسى.
=852  0\$aNNU$bBFALE$cFALES$hG74$i.H87 1882$mNon-circulating$t1
=994  \\$aZ0$bZYU

