=LDR  02575cam a2200325 i 4500
=001  004228954
=004  004228954
=005  20161101104218.0
=008  160127s1882\\\\tu\\\\\\a\\\\\000\0\ota\\
=040  \\$aNNU$beng$erda$dNNU
=050  \4$aSF761$b.L419 1882
=100  1\$aLecoq, Felix,$eauthor.
=240  10$aTraité de l'extérieur du cheval et des principaux animaux domestiques.$lOttoman Turkish.
=245  10$6880-01$aBeygirlerin ve başlica ḥayvânât-i ehliyenin eşkâli hâriciyesinin aḥvâli /$cmüellifi Lekok; mütercimi Meḥmet Dâniş.
=264  \1$6880-02$aIstanbul :$bCerîde-i ʻAskeriye Maṭbaʻası,$c1300 [1882 or 1883]
=300  \\$a445 pages$c23 cm
=336  \\$atext$btxt$2rdacontent
=337  \\$aunmediated$bn$2rdamedia
=338  \\$avolume$bhc$2rdacarrier
=500  \\$aSpecCol. c. 1 is bound in red leather, has watered silk endpaper and gilded edges. On front cover there are dedicatory inscriptions in Gold Ottoman Turkish and the sultanic seal (tuğra). The inscription in Ottoman Turkish reads: "el-sulṭân ibn el-sulṭân el-sulṭân al-ġâzî 'Abdülḥamîd Ḫân ḥażretlerının ṭaraf-i eşref mulûkânelerinden Vashington'da meclis-i mebʻûs̲an aʻżâʾından musyu Huvit ḥażretlerine ihdâ ettirilmiştir." On the back cover there are dedicatory inscriptions in English and French in gold and the symbol of the Ottoman state. The inscription in English reads: "Gift made by H.I.M. the Sultan Abdul-Hamid II to the honorable A.S. Hewitt[,] member of the House of Representatives in Washington[,] A.H. 1302 - 1884 A.D." The inscription in French reads: "Don fait par S.M.I le Sultan Abdul-Hamid II. a l'honorable M.A.S. Hewitt[,] membre de la Chambre des Representants a Washington[,] A.H. 1032 - 1884 A.D."$5NNU
=500  \\$aSpecCol. c. 1 was a gift of Abram Hewitt to the Library of New York University. Accession number 30491$5NNU
=510  4\$aÖzege, M.S. Eski harflerle,$c1944
=650  \0$aVeterinary anatomy.
=700  1\$6880-03$aMeḥmet Daniş,$eauthor.
=700  1\$aHewitt, Abram S.$q(Abram Stevens),$d1822-1903,$edonor.$5NNU
=700  0\$aAbdülhamid$bII,$cSultan of the Turks,$d1842-1918.$5NNU
=880  10$6245-01/$aباركيرلرك وباشلوجه حيوانات اهليهنك اشكال خارجيهسنك احوالى \$cمؤلفى لقوق؛ مترجمى محمد دانش.
=880  \1$6264-02/$aاستانبول :$bجريده عسكريه مطبعهسى,$c1300 [1882 or 1883]
=880  1\$6700-03/$aمحمد دانش.
=852  0\$aNNU$bBFALE$cFALES$hSF761$i.L419 1882$mNon-circulating$t1

