=LDR  02444nam a2200337 i 4500
=001  004259775
=004  004259775
=005  20161101104236.0
=008  160304s1882\\\\tu\\\\\\\\\\\\000\f\ota\d
=040  \\$aNNU$beng$erda$cNNU
=043  \\$aa-tu---
=050  \4$aPQ2342.M3$bP7519 1881
=100  1\$aMaistre, Xavier de,$d1763-1852,$eauthor.
=240  14$aLes prisonniers du Caucase.$lOttoman Turkish.
=245  10$6880-01$aḲafḳâs üserâsı /$cmuḥarriri Musyû Mestr; mütercimi Yaʻḳûb Vaṣfî.
=264  \1$6880-02$aİstanbul :$bMihrân Maṭbaʻası,$c1298 [1881]
=300  \\$a91 pages ;$c24 cm.
=336  \\$atext$2rdacontent
=337  \\$aunmediated$2rdamedia
=338  \\$avolume$2rdacarrier
=500  \\$aSpecCol. c. 1 is bound in red leather, has watered silk endpaper and gilded edges. On front cover there are dedicatory inscriptions in Gold Ottoman Turkish and the sultanic seal (tuğra). The inscription in Ottoman Turkish reads: "el-sulṭân ibn el-sulṭân el-sulṭân al-ġâzî 'Abdülḥamîd Ḫân ḥażretlerının ṭaraf-i eşref mulûkânelerinden Vashington'da meclis-i mebʻûs̲an aʻżâʾından musyu Huvit ḥażretlerine ihdâ ettirilmiştir." On the back cover there are dedicatory inscriptions in English and French in gold and the symbol of the Ottoman state. The inscription in English reads: "Gift made by H.I.M. the Sultan Abdul-Hamid II to the honorable A.S. Hewitt[,] member of the House of Representatives in Washington[,] A.H. 1302 - 1884 A.D." The inscription in French reads: "Don fait par S.M.I le Sultan Abdul-Hamid II. a l'honorable M.A.S. Hewitt[,] membre de la Chambre des Representants a Washington[,] A.H. 1032 - 1884 A.D."$5NNU
=500  \\$aSpecCol. c. 1 was a gift of Abram Hewitt to the University of the City of New York. Accession number 7974L$5NNU
=510  4\$aÖzege, M.S. Eski harflerle,$c9897
=650  \0$aFrench literature$zTurkey$y19th century.
=700  0\$6880-03$aYaʻḳûb Vaṣfî,$etranslator.
=700  1\$aHewitt, Abram S.$q(Abram Stevens),$d1822-1903,$edonor.$5NNU
=700  0\$aAbdülhamid$bII,$cSultan of the Turks,$d1842-1918.$5NNU
=880  10$6245-01/$aقفقاس اسراسى \$cمحررى موسيو مستر؛ مترجمى يعقوب وصفى.
=880  \1$6264-02/$aاستانبول :$bمهران مطبعهسى,$c1298 [1881]
=880  0\$6700-03/$a.يعقوب وصفى
=852  0\$aNNU$bBFALE$cFALEF$hPQ2342.M3$iP7519 1881$mNon-circulating$t1

