=LDR  04258cam a2200541 i 4500
=001  004264927
=003  OCoLC
=004  004264927
=005  20160323121549.0
=008  160323s1882\\\\tu\\\\\\\\\\\\000\0\arard
=035  \\$a(OCoLC)11184763
=040  \\$aIUL$beng$erda$cIUL$dOCLCQ$dFLD$dOCLCG$dEYM$dOCLCA$dOCLCQ$dOCLCO$dOCLCF$dNNU
=050  14$aPJ6101$b.M392 1882
=066  \\$c(3$c(4
=082  04$a492.75$221
=100  1\$6880-01$aMaydānī, Aḥmad ibn Muḥammad,$d-1124,$eauthor.
=240  10$6880-02$aNuzhat al-ṭarf fī ʻilm al-ṣarf
=245  10$6880-03$aKitāb Nuzhat al-ṭarf fī ʻilm al-ṣarf /$ctaʹlīf Abū al-Faḍl Aḥmad ibn Muḥammad al-Maydānī. Wa-yalīhi al-Unmūdhaj fī al-naḥw / li-Muḥammad ibn ʻUmar al-Zamakhsharī. Wa-fī ākhirihi al-Iʻrāb fī qawāʻid al-iʻrāb / li-Jamāl al-Dīn ibn Hishām.
=246  3\$6880-04$aNuzhat al-ṭarf fī ʻilm al-ṣarf
=250  \\$6880-05$aAl-Ṭabʻah 1.
=260  \\$6880-06$aQusṭanṭīnīyah :$bMaṭbaʻat al-Jawāʹib,$c1299 [1882]
=300  \\$a127 pages ;$c24 cm
=336  \\$atext$btxt$2rdacontent
=337  \\$aunmediated$bn$2rdamedia
=338  \\$avolume$bnc$2rdacarrier
=500  \\$aEach title also with its own t.p.
=500  \\$aThird title varies slightly: p. [107] Qawāʻid al-iʻrāb; p. [108] Iʻrāb ʻan fawāʹid al-iʻrāb.
=500  \\$aSpecCol. c. 1 is bound in red leather, has watered silk endpaper and gilded edges. On front cover there are dedicatory inscriptions in Gold Ottoman Turkish and the sultanic seal (tuğra). The inscription in Ottoman Turkish reads: "el-sulṭân ibn el-sulṭân el-sulṭân al-ġâzî 'Abdülḥamîd H̲ân ḥażretlerının ṭaraf-i eşref mulûkânelerinden Vashington'da meclis-i mebʻûs̲an aʻżâʾından musyu Huvit ḥażretlerine ihdâ ettirilmiştir." On the back cover there are dedicatory inscriptions in English and French in gold and the symbol of the Ottoman state. The inscription in English reads: "Gift made by H.I.M. the Sultan Abdul-Hamid II to the honorable A.S. Hewitt[,] member of the House of Representatives in Washington[,] A.H. 1302 - 1884 A.D." The inscription in French reads: "Don fait par S.M.I le Sultan Abdul-Hamid II. a l'honorable M.A.S. Hewitt[,] membre de la Chambre des Representants a Washington[,] A.H. 1032 - 1884 A.D."$5NNU
=500  \\$aSpecCol. c. 1 was a gift of Abram Hewitt to the University of the City of New York. Accession number 7995L$5NNU
=530  \\$aAlso issued online.
=650  \7$aArabe (langue)$xGrammaire.$2ram
=650  \0$aArabic language$xGrammar.
=650  \7$aArabic language$xGrammar.$2fast$0(OCoLC)fst00812341
=700  1\$6880-07$aZamakhsharī, Maḥmūd ibn ʻUmar,$d1075-1144.$tUnmūdhaj fī al-naḥw.
=700  1\$aHewitt, Abram S.$q(Abram Stevens),$d1822-1903,$edonor.$5NNU
=700  0\$aAbdülhamid$bII,$cSultan of the Turks,$d1842-1918.$5NNU
=700  1\$6880-08$aIbn Hishām, ʻAbd Allāh ibn Yūsuf,$d1309-1360.$tIʻrāb ʻan qawāʻid al-iʻrāb.
=776  08$iOnline version:$aMaydānī, Aḥmad ibn Muḥammad, -1124.$sNuzhat al-ṭarf fī ʻilm al-ṣarf.$tKitāb Nuzhat al-ṭarf fī ʻilm al-ṣarf.$bAl-Ṭabʻah 1.$dQusṭanṭīnīyah : Maṭbaʻat al-Jawāʹib, 1299 [1882]$w(OCoLC)606346712
=880  1\$6100-01/$aميداني، أحمد بن محمد،,$d-1124.
=880  10$6240-02/$aنزهة الطرف في علم الصرف
=880  10$6245-03/$aكتاب نچة الطرف في علم الصرف /$cتليف أبو الفضل أحمد بن محمد الميداني. ويليه الأنموذج في النحو / لمحمد بن عمر الزمخشري. وفي آخره الإعراب في قواعد الإعراب / لجمال الدين إبن هشام.
=880  3\$6246-04/$aنزهة الطرف في علم الصرف
=880  \\$6250-05/$aالطبعة 1.
=880  \\$6260-06/$aقسطنطينية :$bمطبعة الجواب،$c1299 [1882].
=880  1\$6700-07/$aزمخشري، محمود بن عمر،,$d1075-1144.$tأنموذج في النحو.
=880  1\$6700-08/$aإبن هشام، عبد الله بن يوسف،,$d1309-1360.$tإعراب عن قواعد الاعراب.
=852  0\$aNNU$bBFALE$cFALES$hPJ6101$i.M392 1882$mNon-circulating$t1
=994  \\$aZ0$bZYU

