=LDR  02477nam a2200361 i 4500
=001  004276470
=004  004276470
=005  20160422111441.0
=008  160422s1882\\\\tu\\\\\\\b\\\\000\0\ara\d
=040  \\$aNNU$beng$erda$cNNU
=043  \\$aa-tu---
=050  \4$aPJ6101$b.M44 1882
=100  0\$6880-01$aMeḥmet H̲âliṣ,$d-1912 or 1913,$eauthor.
=245  10$6880-02$aTelh̲îṣ ül-neḥiv /$cMeḥmet Hâliṣ Efendi'nin es̲eridir.
=250  \\$6880-03$aİkinci defʻe.
=264  \1$6880-04$aİstanbul :$bMihrân Maṭbaʻası,$c1298 [1882]
=300  \\$a47 pages ;$c18 cm.
=336  \\$atext$2rdacontent
=337  \\$aunmediated$2rdamedia
=338  \\$avolume$2rdacarrier
=500  \\$aSpecCol. c. 1 is bound in red leather, has watered silk endpaper and gilded edges. On front cover there are dedicatory inscriptions in Gold Ottoman Turkish and the sultanic seal (tuğra). The inscription in Ottoman Turkish reads: "el-sulṭân ibn el-sulṭân el-sulṭân al-ġâzî 'Abdülḥamîd H̲ân ḥażretlerının ṭaraf-i eşref mulûkânelerinden Vashington'da meclis-i mebʻûs̲an aʻżâʾından musyu Huvit ḥażretlerine ihdâ ettirilmiştir." On the back cover there are dedicatory inscriptions in English and French in gold and the symbol of the Ottoman state. The inscription in English reads: "Gift made by H.I.M. the Sultan Abdul-Hamid II to the honorable A.S. Hewitt[,] member of the House of Representatives in Washington[,] A.H. 1302 - 1884 A.D." The inscription in French reads: "Don fait par S.M.I le Sultan Abdul-Hamid II. a l'honorable M.A.S. Hewitt[,] membre de la Chambre des Representants a Washington[,] A.H. 1032 - 1884 A.D."$5NNU
=500  \\$aSpecCol. c. 1 was a gift of Abram Hewitt to the Library of New York University. Accession number 30496.$5NNU
=650  \0$aArabic language$xGrammar.
=650  \0$aArabic lagnguage$zTurkey$y19th century.
=700  1\$aHewitt, Abram S.$q(Abram Stevens),$d1822-1903,$edonor.$5NNU
=700  0\$aAbdülhamid$bII,$cSultan of the Turks,$d1842-1918.$5NNU
=710  2\$6880-05$aMihrân Maṭbaʻası,$epublisher.
=880  0\$6100-01/$aمحمد خالص.
=880  10$6245-02/$aتلخيص النحو \$cمحمد خالص افنثدينك اثريدر.
=880  \\$6250-03/$aايكنجي دفعه.
=880  \1$6264-04/$aاستانبول :$bمهران مطبعهسى,$c1298 [1882]
=880  2\$6710-05/$aمهران مطبعهسى.
=852  0\$aNNU$bBFALE$cFALES$hPJ6101$i.M44 1882$mNon-circulating$t1

