=LDR  02533cam a2200385 i 4500
=001  004218961
=003  OCoLC
=004  004218961
=005  20161101104255.0
=008  151221s1882\\\\tu\\\\\\\\\\\\000\0\ota\d
=035  \\$a(OCoLC)39830396
=040  \\$aPUL$beng$erda$cPUL$dOCLCQ$dOCLCF$dOCLCO$dOCLCQ$dNNU
=043  \\$aa-tu---
=050  \4$aKBP492$b.M435 1882
=100  0\$6880-01$aMehmet Nuri,$eauthor.
=245  10$6880-02$aMecmû'a-yı cedîde.
=264  \1$6880-03$aİstanbul :$bEs'ad Efendi Maṭba'ası,$c1299 [1882]
=300  \\$a240 pages ;$c24 cm
=336  \\$atext$btxt$2rdacontent
=337  \\$aunmediated$bn$2rdamedia
=338  \\$avolume$bnc$2rdacarrier
=500  \\$aSpecCol. c. 1 is bound in red leather, has watered silk endpaper and gilded edges. On front cover there are dedicatory inscriptions in Gold Ottoman Turkish and the sultanic seal (tuğra). The inscription in Ottoman Turkish reads: "el-sulṭân ibn el-sulṭân el-sulṭân al-ġâzî 'Abdülḥamîd Ḫân ḥażretlerının ṭaraf-i eşref mulûkânelerinden Vashington'da meclis-i mebʻûs̲an aʻżâʾından musyu Huvit ḥażretlerine ihdâ ettirilmiştir." On the back cover there are dedicatory inscriptions in English and French in gold and the symbol of the Ottoman state. The inscription in English reads: "Gift made by H.I.M. the Sultan Abdul-Hamid II to the honorable A.S. Hewitt[,] member of the House of Representatives in Washington[,] A.H. 1302 - 1884 A.D." The inscription in French reads: "Don fait par S.M.I le Sultan Abdul-Hamid II. a l'honorable M.A.S. Hewitt[,] membre de la Chambre des Representants a Washington[,] A.H. 1032 - 1884 A.D."$5NNU
=500  \\$aSpecCol. c. 1 was a gift of Abram Hewitt to the University of the City of New York. Accession number 7876L$5NNU
=510  4\$aÖzege, M S. Eski harflerle,$c12522
=650  \0$aFatwas.
=650  \0$aAdvisory opinions (Islamic law)
=650  \0$aIslamic law$zTurkey$y19th century.
=650  \7$aFatwas.$2fast$0(OCoLC)fst00921976
=776  08$iOnline version:$aMehmet Nuri.$tMecmua-yı cedide.$dİstanbul : Esad Efendi Matbaası, 1299 [1882]$w(OCoLC)656660265
=700  1\$aHewitt, Abram S.$q(Abram Stevens),$d1822-1903,$edonor.$5NNU
=700  0\$aAbdülhamid$bII,$cSultan of the Turks,$d1842-1918.$5NNU
=880  0\$6100-01/$aمحمد نورى.
=880  10$6245-02/$aمجموعهٔ جديده.
=880  \1$6264-03/$aاستانبول :$aاسعد افندى مطبعهسى,$a1299 [1882]
=852  0\$aNNU$bBFALE$cFALES$hKBP492$i.M435 1882$mNon-circulating$t1

