=LDR  02441nam a2200349 i 4500
=001  004227228
=005  20161101104822.0
=007  ta
=008  160122s1882\\\\tu\\\\\\\b\\\\000\0\ota\d
=040  \\$aNNU$beng$erda$cNNU
=050  \4$aD20$b.M69 1882
=100  0\$6880-01$aMizancı Murad,$d1853-1914?$eauthor.
=245  10$6880-02$aMuḫtaṣar-i tarîḫ-i ʻumûmî /$cMeḥmet Murâd.
=264  \1$6880-03$aİstabul :$bMihrân maṭbaʻası,$c1300 [1882 or 1883]
=300  \\$aVolumes :$c18 cm.
=336  \\$atext$2rdacontent
=337  \\$aunmediated$2rdamedia
=338  \\$avolume$2rdacarrier
=500  \\$aSpecCol. c. 1 is bound in red leather, has watered silk endpaper and gilded edges. On front cover there are dedicatory inscriptions in Gold Ottoman Turkish and the sultanic seal (tuğra). The inscription in Ottoman Turkish reads: "el-sulṭân ibn el-sulṭân el-sulṭân al-ġâzî 'Abdülḥamîd Ḫân ḥażretlerının ṭaraf-i eşref mulûkânelerinden Vashington'da meclis-i mebʻûs̲an aʻżâʾından musyu Huvit ḥażretlerine ihdâ ettirilmiştir." On the back cover there are dedicatory inscriptions in English and French in gold and the symbol of the Ottoman state. The inscription in English reads: "Gift made by H.I.M. the Sultan Abdul-Hamid II to the honorable A.S. Hewitt[,] member of the House of Representatives in Washington[,] A.H. 1302 - 1884 A.D." The inscription in French reads: "Don fait par S.M.I le Sultan Abdul-Hamid II. a l'honorable M.A.S. Hewitt[,] membre de la Chambre des Representants a Washington[,] A.H. 1032 - 1884 A.D."$5NNU
=500  \\$aSpecCol. c. 1 vol. 1 has a gift of Abram Hewitt to the Library of the University of the City of New York. Accession number 7865L$5NNU
=500  \\$aSpecCol. c. 1 vol. 6 was a gift of Abram Hewitt to the Library of New York University. Accession number 30434$5NNU
=510  4\$aÖzege, M.S. Eski harflerle,$c14286
=650  \0$aWorld history.
=700  1\$aHewitt, Abram S.$q(Abram Stevens),$d1822-1903,$edonor.$5NNU
=700  0\$aAbdülhamid$bII,$cSultan of the Turks,$d1842-1918.$5NNU
=880  1\$6100-01/$aميزانجى مراد,$b1853-1914؟.
=880  10$6245-02/$aمختصر تاريخ عمومى \$cمحمد مراد.
=880  \1$6264-03/$aاستانبول :$bمهران مطبعهسى,$c1300 [1882 or 1883]
=852  0\$aNNU$bBFALE$cFALES$hD20$i.M69 1882$mNon-circulating
=853  00$81$av.
=863  \\$81.1$a1
=863  \\$81.2$a6

