=LDR  02696nam a2200397 i 4500
=001  004237729
=004  004237729
=005  20161101105029.0
=008  160223s1882\\\\tu\\\\\\\b\\\\000\0\ota\d
=040  \\$aNNU$beng$erda$cNNU
=041  1\$aota$hfre$heng
=043  \\$aa-tu---
=050  \4$aPE1130.T8$bM89 1884
=100  1\$6880-01$aMuẓaffer,$eauthor.
=245  10$6880-02$aTefhîm ül-lisân /$ces̲er-i Muẓaffer.
=250  \\$6880-03$aBirinci defʻe.
=264  \1$6880-04$aIstanbul :$bMecmûa-yı Aḫbâr Maṭbaʻası,$c1300 [1882 or 1883]
=300  \\$a142 pages ;$c19 cm.
=336  \\$atext$2rdacontent
=337  \\$aunmediated$2rdamedia
=338  \\$avolume$2rdacarrier
=500  \\$aIn Ottoman Turkish, French and English.
=500  \\$aSpecCol. c. 1 is bound in red leather, has watered silk endpaper and gilded edges. On front cover there are dedicatory inscriptions in Gold Ottoman Turkish and the sultanic seal (tuğra). The inscription in Ottoman Turkish reads: "el-sulṭân ibn el-sulṭân el-sulṭân al-ġâzî 'Abdülḥamîd Ḫân ḥażretlerının ṭaraf-i eşref mulûkânelerinden Vashington'da meclis-i mebʻûs̲an aʻżâʾından musyu Huvit ḥażretlerine ihdâ ettirilmiştir." On the back cover there are dedicatory inscriptions in English and French in gold and the symbol of the Ottoman state. The inscription in English reads: "Gift made by H.I.M. the Sultan Abdul-Hamid II to the honorable A.S. Hewitt[,] member of the House of Representatives in Washington[,] A.H. 1302 - 1884 A.D." The inscription in French reads: "Don fait par S.M.I le Sultan Abdul-Hamid II. a l'honorable M.A.S. Hewitt[,] membre de la Chambre des Representants a Washington[,] A.H. 1032 - 1884 A.D."$5NNU
=500  \\$aSpecCol. c. 1 was a gift of Abram Hewitt to the Library of New York University. Accession number 30459$5NNU
=510  4\$aÖzege, M.S. Eski harflerle,$c20267
=650  \0$aEnglish language$xStudy and teaching$zTurkey$xForeign speakers$y19th century.
=650  \0$aFrench language$xStudy and teaching$zTurkey$xForeign speakers$y19th century.
=650  \0$aEnglish language$vTextbooks for foreign speakers$xTurkish.
=650  \0$aFrench language$vTextbooks for foreign speakers$xTurkish.
=700  1\$aHewitt, Abram S.$q(Abram Stevens),$d1822-1903,$edonor.$5NNU
=700  0\$aAbdülhamid$bII,$cSultan of the Turks,$d1842-1918.$5NNU
=880  1\$6100-01/$aمظفر.
=880  10$6245-02/$aتفهيم اللسان \$cاثر مظفر.
=880  \\$6250-03/$aبرنجى دفعه.
=880  \1$6264-04/$aاستانبول :$bمجموعه اخبار مطبعهسى,$c1300 [1882 or 1883]
=852  0\$aNNU$bBFALE$cFALEF$hPE1130.T8$iM89 1884$mNon-circulating$t1

