=LDR  03023cam a2200505 i 4500
=001  004217522
=003  OCoLC
=005  20161101105057.0
=007  ta
=008  151216m18821884tu\a\\\\\\\\\\000\0\ota\d
=016  7\$a101270967$2DNLM
=035  \\$a(OCoLC)25654451
=040  \\$aPUL$beng$cPUL$dOCL$dNLM$dOCLCG$dOCLCA$dOCLCQ$dOCLCO$dOCLCF$dOCLCQ
=041  1\$aota$hfre
=043  \\$aa-tu---
=050  \4$aQD31$b.P4 1882
=066  \\$c(3
=100  1\$aPelouze, J.$q(Jules),$d1807-1867,$eauthor.
=240  10$aAbrʹegʹe de chimie.$lOttoman Turkish
=245  10$6880-01$aMuḫtaṣar kîmyâ /$cPeluz -- Fremi.
=264  \1$6880-02$a[Istanbul] :$bTophâne-yi Âmire,$c1300-1301 [1882 or 1883-1884]
=300  \\$a2 volumes :$billustrations ;$c23 cm
=336  \\$atext$btxt$2rdacontent
=337  \\$aunmediated$bn$2rdamedia
=338  \\$avolume$bnc$2rdacarrier
=500  \\$aTranslation of: Abrégé de chemie.
=500  \\$aBinder's title.
=500  \\$aSpecCol. c. 1 is bound in red leather, has watered silk endpaper and gilded edges. On front cover there are dedicatory inscriptions in Gold Ottoman Turkish and the sultanic seal (tuğra). The inscription in Ottoman Turkish reads: "el-sulṭân ibn el-sulṭân el-sulṭân al-ġâzî 'Abdülḥamîd Ḫân ḥażretlerının ṭaraf-i eşref mulûkânelerinden Vashington'da meclis-i mebʻûs̲an aʻżâʾından musyu Huvit ḥażretlerine ihdâ ettirilmiştir." On the back cover there are dedicatory inscriptions in English and French in gold and the symbol of the Ottoman state. The inscription in English reads: "Gift made by H.I.M. the Sultan Abdul-Hamid II to the honorable A.S. Hewitt[,] member of the House of Representatives in Washington[,] A.H. 1302 - 1884 A.D." The inscription in French reads: "Don fait par S.M.I le Sultan Abdul-Hamid II. a l'honorable M.A.S. Hewitt[,] membre de la Chambre des Representants a Washington[,] A.H. 1032 - 1884 A.D."$5NNU
=500  \\$aSpecCol. c. 1 vol. 1 was a gift of Abram Hewitt to the Library of New York University. Accession number 30439.$5NNU
=510  4\$aÖzege, M.S. Eski harflerle,$c14236
=650  \0$aChemistry.
=650  \0$aChemistry$zTurkey$y19th century.
=650  12$aChemistry.
=650  \7$aChemistry.$2fast$0(OCoLC)fst00853344
=700  1\$aFremy, E.$q(Edmond),$d1814-1894,$eauthor.
=700  1\$aİhsan Bey,$etranslator.
=776  08$iOnline version:$aPelouze, J. (Jules), 1807-1867.$sAbrʹegʹe de chimie. Ottoman Turkish.$tMuhtasar kimya.$d[Istanbul] : Tophane-yi Âmire, 1300-1301 [1882 or 1883-1884]$w(OCoLC)663219179
=700  1\$aHewitt, Abram S.$q(Abram Stevens),$d1822-1903,$edonor.$5NNU
=700  0\$aAbdülhamid$bII,$cSultan of the Turks,$d1842-1918.$5NNU
=880  10$6245-01/$aمختصر كيميا \$cپلوز -- فرهمی.
=880  \1$6264-02/$a]استانبول :[$bطوپخانهٔ عامره,$c1300-1301 [1882 or 1883-1884]
=852  0\$aNNU$bBFALE$cFALES$hQD31$i.P4 1882$mNon-circulating$t1
=853  20$81$av.
=863  \\$81.1$a1
=863  \\$81.2$a2

