=LDR  02789cam a2200397 i 4500
=001  004240470
=003  OCoLC
=004  004240470
=005  20161101105118.0
=008  160226s1882\\\\tu\\\\\\\\\\\\000\f\ota\d
=035  \\$a(OCoLC)876589755
=040  \\$aPAU$beng$erda$cPAU$dOCLCQ$dNNU
=041  1\$aota$hfre
=043  \\$aa-tu---
=050  \4$aPQ2383.P2$bD7313 1882
=100  1\$aPonson du Terrail,$d1829-1871,$eauthor.
=240  10$aDrames de Paris.$pHéritage mystérieux.$lOttoman Turkish
=245  10$6880-01$aPâris fâciʻaları :$bbirinci ḳısım, Miras ʻacîbe /$cmüellifi Bûnsûn du Terrây ; sâḥibi Meḥmet Selîm ; mütercimi Aḥmet Munîf.
=264  \1$6880-02$aİstanbul :$bʻAskeriye Maṭbaʻası,$c1298 [1882]
=300  \\$a406 pages ;$c24 cm
=336  \\$atext$btxt$2rdacontent
=337  \\$aunmediated$bn$2rdamedia
=338  \\$avolume$bnc$2rdacarrier
=500  \\$aTranslation of: part 1, L'Héritage mystérieux, of author's novel, Drames de Paris.
=500  \\$aSpecCol. c. 1 is bound in red leather, has watered silk endpaper and gilded edges. On front cover there are dedicatory inscriptions in Gold Ottoman Turkish and the sultanic seal (tuğra). The inscription in Ottoman Turkish reads: "el-sulṭân ibn el-sulṭân el-sulṭân al-ġâzî 'Abdülḥamîd Ḫân ḥażretlerının ṭaraf-i eşref mulûkânelerinden Vashington'da meclis-i mebʻûs̲an aʻżâʾından musyu Huvit ḥażretlerine ihdâ ettirilmiştir." On the back cover there are dedicatory inscriptions in English and French in gold and the symbol of the Ottoman state. The inscription in English reads: "Gift made by H.I.M. the Sultan Abdul-Hamid II to the honorable A.S. Hewitt[,] member of the House of Representatives in Washington[,] A.H. 1302 - 1884 A.D." The inscription in French reads: "Don fait par S.M.I le Sultan Abdul-Hamid II. a l'honorable M.A.S. Hewitt[,] membre de la Chambre des Representants a Washington[,] A.H. 1032 - 1884 A.D."$5NNU
=500  \\$aSpecCol. c. 1 was a gift of Abram Hewitt to the University of the City of New York. Accession number 8002L$5NNU
=510  4\$aÖzege, M.S. Eski harflerle,$c16154
=650  \0$aFrench literature$zTurkey$y19th century.
=700  1\$aMunif, Ahmet.
=700  1\$aSelim, Mehmet.
=700  1\$aHewitt, Abram S.$q(Abram Stevens),$d1822-1903,$edonor.$5NNU
=700  0\$aAbdülhamid$bII,$cSultan of the Turks,$d1842-1918.$5NNU
=880  10$6245-01/$aپارس فاجعهلرى :$bبرنجى قسم, ميراث عجيبه \$cمؤلفى پونسون دو تراى؛ صاحبى محمد سليم؛ مترجمى احمد منيف.
=880  \1$6264-02/$aاستانبول :$bعسكريه مطبعهسى,$c1298 [1882]
=852  0\$aNNU$bBFALE$cFALES$hPQ2383.P2$iD7313 1882$mNon-circulating$t1
=994  \\$aZ0$bZYU

