=LDR  02966cam a22004935i 4500
=001  004266186
=003  OCoLC
=004  004266186
=005  20160328113222.0
=008  160328s1882\\\\tu\\\\\\\\\\\\000\0\ota\d
=035  \\$a(OCoLC)39829984
=040  \\$aPUL$beng$cPUL$dOCLCQ$dOCLCF$dOCLCQ
=041  1\$aotaper$hper
=050  \4$aPK6541.G2$bT39 1882
=100  0\$6880-01$aSaʻdī,$eauthor.
=240  10$6880-02$aGulistān.$lTurkish & Persian.$kSelections
=245  10$6880-03$aZübde-yi Gülistan.
=250  \\$6880-04$aBirinci defe.
=264  \1$6880-05$aİstanbul :$bKantar Biraderler Matbaası,$c1299 [1882]
=300  \\$a355 pages ;$c27 cm
=336  \\$atext$btxt$2rdacontent
=337  \\$aunmediated$bn$2rdamedia
=338  \\$avolume$bnc$2rdacarrier
=500  \\$aSpecCol. c. 1 is bound in red leather, has watered silk endpaper and gilded edges. On front cover there are dedicatory inscriptions in Gold Ottoman Turkish and the sultanic seal (tuğra). The inscription in Ottoman Turkish reads: "el-sulṭân ibn el-sulṭân el-sulṭân al-ġâzî 'Abdülḥamîd H̲ân ḥażretlerının ṭaraf-i eşref mulûkânelerinden Vashington'da meclis-i mebʻûs̲an aʻżâʾından musyu Huvit ḥażretlerine ihdâ ettirilmiştir." On the back cover there are dedicatory inscriptions in English and French in gold and the symbol of the Ottoman state. The inscription in English reads: "Gift made by H.I.M. the Sultan Abdul-Hamid II to the honorable A.S. Hewitt[,] member of the House of Representatives in Washington[,] A.H. 1302 - 1884 A.D." The inscription in French reads: "Don fait par S.M.I le Sultan Abdul-Hamid II. a l'honorable M.A.S. Hewitt[,] membre de la Chambre des Representants a Washington[,] A.H. 1032 - 1884 A.D."$5NNU
=500  \\$aSpecCol. c. 1 was a gift of Abram Hewitt to the University of the City of New York. Accession number 7817L$5NNU
=510  4\$aÖzege, M.S. Eski harflerle,$c23855
=546  \\$aTurkish in Arabic script.
=546  \\$aTurkish and Persian; commentary in Turkish.
=600  00$aSaʻdī.$tGulistān.
=630  07$aGulistān (Saʻdī)$2fast$0(OCoLC)fst01361914
=700  0\$6880-06$aTayyar,$ecommentator.
=700  0\$6880-07$aOsman,$ecommentator.
=700  1\$aHewitt, Abram S.$q(Abram Stevens),$d1822-1903,$edonor.$5NNU
=700  0\$aAbdülhamid$bII,$cSultan of the Turks,$d1842-1918.$5NNU
=776  08$iOnline version:$aSaʻdī.$sGulistān. Turkish & Persian. Selections.$tZübde-yi Gülistan.$dİstanbul : Kantar Biraderler Matbaası, 1299 [1882]$w(OCoLC)657019340
=880  0\$6100-01/$aسعدى.
=880  10$6240-02/$aكلستان.
=880  10$6245-03/$aزبدهٔ كلستان.
=880  \\$6250-04/$aبرنجى دفعه.
=880  \1$6264-05/$aاستانبول :$bقنطار برادرلر مطبعهسى,$c1299 [1882]
=880  0\$6700-06/$aطيار.
=880  0\$6700-07/$aعثمان.
=852  0\$aNNU$bBFALE$cFALES$hPK6541.G2$iT39 1882$mNon-circulating$t1
=994  \\$aZ0$bZYU

