=LDR  02542nam a2200349 i 4500
=001  004237739
=004  004237739
=005  20161101105221.0
=008  160223s1882\\\\tu\\\\\\\\\\\\000\0\ota\d
=040  \\$aNNU$beng$erda$cNNU
=041  1\$aota$hfre
=043  \\$aa-tu---
=050  \4$aPC2074.85$b.S25 1882
=100  1\$6880-01$aSaʻît, H.,$eauthor.
=245  10$6880-02$aTürkçe ve Fransızca yeni uṣûl-ı mükâleme /$cmürettib ve ṣâhip imtiyâzı H. Saʻît.
=264  \1$6880-03$aİstanbul :$bMihrân Maṭbaʻası,$c1300 [1882 or 1883]
=300  \\$a219 pages ;$c19 cm.
=336  \\$atext$2rdacontent
=337  \\$aunmediated$2rdamedia
=338  \\$avolume$2rdacarrier
=500  \\$aText in Turkish Arabic script and French.
=500  \\$aSpecCol. c. 1 is bound in red leather, has watered silk endpaper and gilded edges. On front cover there are dedicatory inscriptions in Gold Ottoman Turkish and the sultanic seal (tuğra). The inscription in Ottoman Turkish reads: "el-sulṭân ibn el-sulṭân el-sulṭân al-ġâzî 'Abdülḥamîd Ḫân ḥażretlerının ṭaraf-i eşref mulûkânelerinden Vashington'da meclis-i mebʻûs̲an aʻżâʾından musyu Huvit ḥażretlerine ihdâ ettirilmiştir." On the back cover there are dedicatory inscriptions in English and French in gold and the symbol of the Ottoman state. The inscription in English reads: "Gift made by H.I.M. the Sultan Abdul-Hamid II to the honorable A.S. Hewitt[,] member of the House of Representatives in Washington[,] A.H. 1302 - 1884 A.D." The inscription in French reads: "Don fait par S.M.I le Sultan Abdul-Hamid II. a l'honorable M.A.S. Hewitt[,] membre de la Chambre des Representants a Washington[,] A.H. 1032 - 1884 A.D."$5NNU
=500  \\$aSpecCol. c. 1 was a gift of Abram Hewitt to the University of the City of New York. Accession number 7919L$5NNU
=510  4\$aÖzege, M.S. Eski harflerle,$c9982
=650  \0$aFrench language$vTextbooks for foreign speakers$xTurkish.
=650  \0$aFrench language$xStudy and teaching$zTurkey$xForeign speakers$y19th century.
=700  1\$aHewitt, Abram S.$q(Abram Stevens),$d1822-1903,$edonor.$5NNU
=700  0\$aAbdülhamid$bII,$cSultan of the Turks,$d1842-1918.$5NNU
=880  0\$6100-01/$aسعيد, ح.
=880  10$6245-02/$aتركجه و فرانسز يكى اصول مكالمه \$cمرتب وصاحب امتيازى ح. سعيد.
=880  \1$6264-03/$aاستانبول :$bمهران مطبعهسى,$c1300 [1882 or 1883]
=852  0\$aNNU$bBFALE$cFALEF$hPC2074.85$i.S25 1882$mNon-circulating$t1

