=LDR  02614cam a2200397 i 4500
=001  004227720
=003  OCoLC
=004  004227720
=005  20161101105238.0
=008  160125s1882\\\\tu\\\\\\\d\\\\000\0\ota\d
=035  \\$a(OCoLC)283802334
=040  \\$aB9K$beng$erda$cB9K$dKCP$dOCLCQ$dOCLCO$dOCLCQ$dNNU
=050  \4$aPL193.F8$bF72 1882
=100  0\$6880-01$aŞemseddin Sâmî,$d1850-1904,$eauthor.
=245  10$6880-02$aḲâmûs-ı Frânsavî =$bDictionnaire Francais-Turc.
=246  3\$aDictionnaire Francais-Turc
=264  \1$6880-03$aConstantinople [İstanbul] :$b[Mihrân Maṭbaʻası] Impreimerie Mihran,$c1299 [1882]
=300  \\$a4, 1630, 1 pages :$c18 cm.
=336  \\$atext$btxt$2rdacontent
=337  \\$aunmediated$bn$2rdamedia
=338  \\$avolume$bnc$2rdacarrier
=500  \\$aText in Turkish Arabic script and French.
=500  \\$aSpecCol. c. 1 is bound in red leather, has watered silk endpaper and gilded edges. On front cover there are dedicatory inscriptions in Gold Ottoman Turkish and the sultanic seal (tuğra). The inscription in Ottoman Turkish reads: "el-sulṭân ibn el-sulṭân el-sulṭân al-ġâzî 'Abdülḥamîd Ḫân ḥażretlerının ṭaraf-i eşref mulûkânelerinden Vashington'da meclis-i mebʻûs̲an aʻżâʾından musyu Huvit ḥażretlerine ihdâ ettirilmiştir." On the back cover there are dedicatory inscriptions in English and French in gold and the symbol of the Ottoman state. The inscription in English reads: "Gift made by H.I.M. the Sultan Abdul-Hamid II to the honorable A.S. Hewitt[,] member of the House of Representatives in Washington[,] A.H. 1302 - 1884 A.D." The inscription in French reads: "Don fait par S.M.I le Sultan Abdul-Hamid II. a l'honorable M.A.S. Hewitt[,] membre de la Chambre des Representants a Washington[,] A.H. 1032 - 1884 A.D."$5NNU
=500  \\$aSpecCol. c. 1 was a gift of Abram Hewitt to the University of the City of New York. Accession number 7919L$5NNU
=510  4\$aÖzege, M.S. Eski harflerle,$c9982
=650  \0$aFrench language$xDictionaries$xTurksih language.
=650  \0$aTurkish language$xDictionaries$xFrench language.
=700  1\$aFranschery, Ch. Samy-Bey.
=700  1\$aMihran.
=700  1\$aHewitt, Abram S.$q(Abram Stevens),$d1822-1903,$edonor.$5NNU
=700  0\$aAbdülhamid$bII,$cSultan of the Turks,$d1842-1918.$5NNU
=880  1\$6100-01/$aشمس الدين سامى.
=880  10$6245-02/$aقاموس فراسوى.
=880  \1$6264-03/$aاستانبول :$bمهران مطبعهسى,$c1299 [1882]
=852  0\$aNNU$bBFALE$cFALES$hPL193.F8$iF72 1882$mNon-circulating$t1
=994  \\$aZ0$bZYU

