=LDR  02532cam a22003855i 4500
=001  004259850
=003  OCoLC
=004  004259850
=005  20161101105259.0
=008  160304s1882\\\\tu\\\\\\\\\\\\000\0\otao\
=010  \\$a2015481312
=035  \\$a(OCoLC)929866645
=040  \\$aDLC$beng$erda$erda$cDLC$dOCLCO$dNNU
=041  1\$aota$heng
=042  \\$apcc
=050  00$aPR2796.T872$bW566 1882
=100  1\$aShakespeare, William,$d1564-1616,$eauthor.
=240  10$aWinter's tale.$lOttoman Turkish.
=245  10$6880-01$aKış masalı :$bunvanlı piyesin romana tahvilidir /$cŞekspir ; mütercimi Nadir.
=264  \1$6880-02$a[Istanbul] :$bMatbaa-yi Esat İzzet,$c1299 [1882]
=300  \\$a45 pages ;$c19 cm.
=336  \\$atext$btxt$2rdacontent
=337  \\$aunmediated$bn$2rdamedia
=338  \\$avolume$bnc$2rdacarrier
=546  \\$aTurkish$bArabic script.
=500  \\$aSpecCol. c. 1 is bound in red leather, has watered silk endpaper and gilded edges. On front cover there are dedicatory inscriptions in Gold Ottoman Turkish and the sultanic seal (tuğra). The inscription in Ottoman Turkish reads: "el-sulṭân ibn el-sulṭân el-sulṭân al-ġâzî 'Abdülḥamîd Ḫân ḥażretlerının ṭaraf-i eşref mulûkânelerinden Vashington'da meclis-i mebʻûs̲an aʻżâʾından musyu Huvit ḥażretlerine ihdâ ettirilmiştir." On the back cover there are dedicatory inscriptions in English and French in gold and the symbol of the Ottoman state. The inscription in English reads: "Gift made by H.I.M. the Sultan Abdul-Hamid II to the honorable A.S. Hewitt[,] member of the House of Representatives in Washington[,] A.H. 1302 - 1884 A.D." The inscription in French reads: "Don fait par S.M.I le Sultan Abdul-Hamid II. a l'honorable M.A.S. Hewitt[,] membre de la Chambre des Representants a Washington[,] A.H. 1032 - 1884 A.D."$5NNU
=500  \\$aSpecCol. c. 1 was a gift of Abram Hewitt to the University of the City of New York. Accession number 7883L$5NNU
=510  4\$aÖzege, M. S. Eski harflerle,$c10749
=700  1\$aNadir,$etranslator.
=700  1\$aHewitt, Abram S.$q(Abram Stevens),$d1822-1903,$edonor.$5NNU
=700  0\$aAbdülhamid$bII,$cSultan of the Turks,$d1842-1918.$5NNU
=880  10$6245-01/$aقيش مصالى :$bعنوانلى پیسنک رومانه تحويلدر \$cشكسپیر؛ مترجمى نادر.
=880  \1$6264-02/$a]استانبول] :$aمطبعهٔ اسعد عزت,$a1299 [1882]
=852  0\$aNNU$bBFALE$cFALEF$hPR2796.T872$iW566 1882$mNon-circulating$t1
=994  \\$aZ0$bZYU

