=LDR  02634nam a2200373 i 4500
=001  004273373
=005  20160526163705.0
=007  ta
=008  160414s1882\\\\tu\\\\\\\\\\\\000\0\ara\d
=040  \\$aNNU$beng$erda$cNNU
=050  \4$aBP152$b.S5 1882
=100  1\$6880-01$aShaykhʹzādah, ʻAbd al-Raḥmān ibn Muḥammad,$d-1667 or 1668,$eauthor.
=245  10$6880-02$aMajmaʻ al-anhur fī sharḥ Multaqá al-abḥur
=264  \1$6880-03$a[Istanbul] :$bŞirket-i Ṣaḥâfiye-yi Os̲mâniye,$c1300 [1882 or 1883]
=300  \\$aVolumes ;$c26 cm.
=336  \\$atext$2rdacontent
=337  \\$aunmediated$2rdamedia
=338  \\$avolume$2rdacarrier
=500  \\$aSpecCol. c. 1 is bound in red leather, has watered silk endpaper and gilded edges. On front cover there are dedicatory inscriptions in Gold Ottoman Turkish and the sultanic seal (tuğra). The inscription in Ottoman Turkish reads: "el-sulṭân ibn el-sulṭân el-sulṭân al-ġâzî 'Abdülḥamîd H̲ân ḥażretlerının ṭaraf-i eşref mulûkânelerinden Vashington'da meclis-i mebʻûs̲an aʻżâʾından musyu Huvit ḥażretlerine ihdâ ettirilmiştir." On the back cover there are dedicatory inscriptions in English and French in gold and the symbol of the Ottoman state. The inscription in English reads: "Gift made by H.I.M. the Sultan Abdul-Hamid II to the honorable A.S. Hewitt[,] member of the House of Representatives in Washington[,] A.H. 1302 - 1884 A.D." The inscription in French reads: "Don fait par S.M.I le Sultan Abdul-Hamid II. a l'honorable M.A.S. Hewitt[,] membre de la Chambre des Representants a Washington[,] A.H. 1032 - 1884 A.D."$5NNU
=500  \\$aSpecCol. c. 1 was a gift of Abram Hewitt to the Library of the University of the City of New York. Accession number 7819L.$5NNU
=600  10$aḤalabī, Ibrāhīm ibn Muḥammad,$d-1549 or 1550.$tMultaqá al-abḥur.
=650  \0$aIslamic law.
=650  \0$aHanafite.
=650  \0$aHanafite$vEarly works to 1800.
=700  1\$aHewitt, Abram S.$q(Abram Stevens),$d1822-1903,$edonor.$5NNU
=700  0\$aAbdülhamid$bII,$cSultan of the Turks,$d1842-1918.$5NNU
=710  2\$6880-05$aŞirket-i Ṣaḥâfiye-yi Os̲mâniye.,$epublisher.
=880  1\$6100-01/$aشيخ زاده، عبد الرحمن بن محمد,$d-1667 or 1668.
=880  10$6245-02/$aمجمع الأنهر في شرح ملتقى الأبهر
=880  \1$6264-03/$a[استانبول[ :$aشركت صحافيهٔ عثمانيه,$a1300 [1882 or 1883]
=880  2\$6710-05/$aشركت صحافيهٔ عثمانيه.
=852  0\$aNNU$bBFALE$cFALES$hBP152$i.S5 1882$mNon-circulating
=853  20$81$av.
=863  \\$81.1$a1

