=LDR  03003cam a2200433 i 4500
=001  004276335
=003  OCoLC
=004  004276335
=005  20160421135842.0
=008  160421s1882\\\\tu\\\\\\\\\\\\000\0\ara\d
=035  \\$a(OCoLC)33994725
=040  \\$aHLS$beng$cHLS$dWAU$dIUL$dMEAUC$dOCLCF$dOCLCQ
=050  \4$aPN6267.A7$bF36 1882
=066  \\$c(3
=100  1\$6880-01$aShidyāq, Aḥmad Fāris,$d1804?-1887,$eauthor.
=245  13$6880-02$aal-Lafīf fī kulli maʻná ṭarīf /$ctaʼlīf Aḥmad Fāris.
=250  \\$6880-03$aal-Ṭabʻah 2.
=264  \1$6880-04$aQusṭanṭīnīyah :$bMaṭbaʻat al-Jawāʼib,$c1299 [1882]
=300  \\$a212 pages ;$c23 cm
=336  \\$atext$btxt$2rdacontent
=337  \\$aunmediated$bn$2rdamedia
=338  \\$avolume$bnc$2rdacarrier
=500  \\$aSpecCol. c. 1 is bound in red leather, has watered silk endpaper and gilded edges. On front cover there are dedicatory inscriptions in Gold Ottoman Turkish and the sultanic seal (tuğra). The inscription in Ottoman Turkish reads: "el-sulṭân ibn el-sulṭân el-sulṭân al-ġâzî 'Abdülḥamîd H̲ân ḥażretlerının ṭaraf-i eşref mulûkânelerinden Vashington'da meclis-i mebʻûs̲an aʻżâʾından musyu Huvit ḥażretlerine ihdâ ettirilmiştir." On the back cover there are dedicatory inscriptions in English and French in gold and the symbol of the Ottoman state. The inscription in English reads: "Gift made by H.I.M. the Sultan Abdul-Hamid II to the honorable A.S. Hewitt[,] member of the House of Representatives in Washington[,] A.H. 1302 - 1884 A.D." The inscription in French reads: "Don fait par S.M.I le Sultan Abdul-Hamid II. a l'honorable M.A.S. Hewitt[,] membre de la Chambre des Representants a Washington[,] A.H. 1032 - 1884 A.D."$5NNU
=500  \\$aSpecCol. c. 1 was a gift of Abram Hewitt to the Library of the University of the City of New York. Accession number 7874L.$5NNU
=650  \0$aArabic language$xSemantics.
=650  \0$aArabic language$xSynonyms and antonyms.
=650  \7$aArabic language$xSemantics.$2fast$0(OCoLC)fst00812421
=650  \7$aArabic language$xSynonyms and antonyms.$2fast$0(OCoLC)fst00812440
=700  1\$aHewitt, Abram S.$q(Abram Stevens),$d1822-1903,$edonor.$5NNU
=700  0\$aAbdülhamid$bII,$cSultan of the Turks,$d1842-1918.$5NNU
=710  2\$6880-05$aMaṭbaʻat al-Jawāʼib,$epublisher.
=776  08$iOnline version:$aShidyāq, Aḥmad Fāris, 1804?-1887.$tLafīf fī kulli maʻná ṭarīf.$bal-Ṭabʻah 2.$dQusṭanṭīnīyah : Maṭbaʻat al-Jawāʼib, 1299 [1882]$w(OCoLC)655705054
=880  1\$6100-01/$aشدياق، احمد فارس،,$d1804?-1887.
=880  12$6245-02/$aاللفيف فى كل معنى طريف /$cتأليف احمد فارس.
=880  \\$6250-03/$aالطبعة 2.
=880  \1$6264-04/$aقسطنطينية :$bمطبعة الجوائب،$c1299 [1882]
=880  2\$6710-05/$aمطبعة الجوائب.
=852  0\$aNNU$bBFALE$cFALES$hPN6267.A7$iF36 1882$mNon-circulating$t1
=994  \\$aZ0$bZYU

