=LDR  02608cam a22004095i 4500
=001  004234201
=003  OCoLC
=004  004234201
=005  20161101105337.0
=008  160210s1882\\\\tu\\\\\\\\\\\\000\0\ota\d
=035  \\$a(OCoLC)25829619
=040  \\$aPUL$beng$cPUL$dOCLCQ$dOCLCF$dOCLCO$dOCLCQ$dNNU
=043  \\$aa-tu---
=050  \4$aKKX3800$b.T56 1882
=100  0\$aTıngır Simon.
=245  10$6880-01$aŞerh-i kanun-ı ceza /$cTıngır Simon.
=264  \1$6880-02$aDersaadet [Istanbul] :$bMahmut Bey Matbaası,$c1300 [1882 or 1883]
=300  \\$a4, 203 pages ;$c20 cm
=336  \\$atext$btxt$2rdacontent
=337  \\$aunmediated$bn$2rdamedia
=338  \\$avolume$bnc$2rdacarrier
=500  \\$aTurkish in Arabic script.
=500  \\$a"Üçüncü defa olarak ..."
=500  \\$a"İkinci defa olarak ..."--Cover.
=500  \\$aDate on cover: 1301.
=500  \\$aSpecCol. c. 1 is bound in red leather, has watered silk endpaper and gilded edges. On front cover there are dedicatory inscriptions in Gold Ottoman Turkish and the sultanic seal (tuğra). The inscription in Ottoman Turkish reads: "el-sulṭân ibn el-sulṭân el-sulṭân al-ġâzî 'Abdülḥamîd Ḫân ḥażretlerının ṭaraf-i eşref mulûkânelerinden Vashington'da meclis-i mebʻûs̲an aʻżâʾından musyu Huvit ḥażretlerine ihdâ ettirilmiştir." On the back cover there are dedicatory inscriptions in English and French in gold and the symbol of the Ottoman state. The inscription in English reads: "Gift made by H.I.M. the Sultan Abdul-Hamid II to the honorable A.S. Hewitt[,] member of the House of Representatives in Washington[,] A.H. 1302 - 1884 A.D." The inscription in French reads: "Don fait par S.M.I le Sultan Abdul-Hamid II. a l'honorable M.A.S. Hewitt[,] membre de la Chambre des Representants a Washington[,] A.H. 1032 - 1884 A.D."$5NNU
=500  \\$aSpecCol. c. 1 was a gift of Abram Hewitt to the Library of the University of the City of New York. Accession number 7888L$5NNU
=510  4\$aÖzege, M.S. Eski harflerle,$c18827
=650  \0$aCriminal law$zTurkey.
=650  \7$aCriminal law.$2fast$0(OCoLC)fst00883328
=651  \7$aTurkey.$2fast$0(OCoLC)fst01208963
=700  1\$aHewitt, Abram S.$q(Abram Stevens),$d1822-1903,$edonor.$5NNU
=700  0\$aAbdülhamid$bII,$cSultan of the Turks,$d1842-1918.$5NNU
=880  10$6245-01/$aشرح قانون جزا \$cطنقر سيمون.
=880  \1$6264-02/$aدار السعادت [استانبول] :$bمحمود بك مطبعهسى,$c1300 [1882 or 1883]
=852  0\$aNNU$bBFALE$cFALES$hKKX3800$i.T56 1882$mNon-circulating$t1
=994  \\$aZ0$bZYU

