=LDR  02827cam a2200397 a 4500
=001  004273674
=003  OCoLC
=004  004273674
=005  20160415160339.0
=008  160415s1882\\\\tu\\\\\\\\\\\\000\0\ara\\
=010  \\$a71214151
=035  \\$a(OCoLC)11435808
=040  \\$aDLC$beng$erda$cWAU$dWAU$dOCLCQ$dOCLCG$dCLU$dOCLCA$dOCLCQ$dOCLCO$dNNU
=050  \4$aPN6519.A7$bT8 1883
=066  \\$c(3
=100  1\$6880-01$aṬughrāʼī, al-Ḥusayn ibn ʻAlī,$d1061 or 1062-1121?
=245  10$6880-02$aDīwān al-Ṭughrāʼī :$bṣāḥib li-ummīyat al-ʻajam.
=250  \\$6880-03$aal-Ṭabʻah 1.
=264  \1$6880-04$aQusṭantīnīyah :$bMaṭbaʻat al-Jawāʼib,$c1300 [1882 or 1883]
=300  \\$a143 pages ;$c24 cm
=336  \\$atext$btxt$2rdacontent
=337  \\$aunmediated$bn$2rdamedia
=338  \\$avolume$bnc$2rdacarrier
=500  \\$aSpecCol. c. 1 is bound in red leather, has watered silk endpaper and gilded edges. On front cover there are dedicatory inscriptions in Gold Ottoman Turkish and the sultanic seal (tuğra). The inscription in Ottoman Turkish reads: "el-sulṭân ibn el-sulṭân el-sulṭân al-ġâzî 'Abdülḥamîd H̲ân ḥażretlerının ṭaraf-i eşref mulûkânelerinden Vashington'da meclis-i mebʻûs̲an aʻżâʾından musyu Huvit ḥażretlerine ihdâ ettirilmiştir." On the back cover there are dedicatory inscriptions in English and French in gold and the symbol of the Ottoman state. The inscription in English reads: "Gift made by H.I.M. the Sultan Abdul-Hamid II to the honorable A.S. Hewitt[,] member of the House of Representatives in Washington[,] A.H. 1302 - 1884 A.D." The inscription in French reads: "Don fait par S.M.I le Sultan Abdul-Hamid II. a l'honorable M.A.S. Hewitt[,] membre de la Chambre des Representants a Washington[,] A.H. 1032 - 1884 A.D."$5NNU
=500  \\$aSpecCol. c. 1 was a gift of Abram Hewitt to the Library of the University of the City of New York. Accession number 8060L.$5NNU
=700  1\$aHewitt, Abram S.$q(Abram Stevens),$d1822-1903,$edonor.$5NNU
=700  0\$aAbdülhamid$bII,$cSultan of the Turks,$d1842-1918.$5NNU
=710  2\$6880-05$aMaṭbaʻat al-Jawāʼib.
=776  08$iOnline version:$aṬughrāʼī, al-Ḥusayn ibn ʻAlī, 1061 or 2-1121?$sPoems.$tDīwān al-Ṭughrāʼī.$bal-Ṭabʻah 1.$dQusṭantīnīyah : Maṭbaʻat al-Jawāʼib, 1300 [1882 or 1883]$w(OCoLC)580888883
=880  1\$6100-01/$aطغرائي، الحسين بن علي،,$d1061 or 1062-1121?
=880  10$6245-02/$aديوان الطغرائي :$bصاحب لامية العجم.
=880  \\$6250-03/$aالطبعة 1.
=880  \1$6264-04/$aقسطنتينية :$bمطبعة الجوائب،$c1300 [1883]
=880  2\$6710-05/$aمطبعة الجوائب.
=852  0\$aNNU$bBFALE$cFALES$hPN6519.A7$iT8 1883$mNon-circulating$t1
=994  \\$aZ0$bZYU

