=LDR  02482cam a2200373 i 4500
=001  004204330
=003  OCoLC
=004  004204330
=005  20161101105400.0
=008  151106s1882\\\\tu\\\\\\\\\\\\000\0\ota\d
=035  \\$a(OCoLC)49366718
=040  \\$aPUL$beng$erda$cPUL$dOCLCF$dOCLCO$dOCLCQ$dNNU
=043  \\$aa-tu---
=050  \4$aKKX500$b.V34 1882
=066  \\$c(3
=100  1\$6880-01$aVahan, Ohan.
=245  10$6880-02$aŞerḥ-i ḳânûn-i ticâret /$ces̲er-i Ohan Vahan.
=264  \1$6880-03$aİstanbul :$bBekir Efendi ve Muḥammed Bey Maṭba'ası,$c1299 [1882]
=300  \\$a88 pages ;$c20 cm
=336  \\$atext$btxt$2rdacontent
=337  \\$aunmediated$bn$2rdamedia
=338  \\$avolume$bnc$2rdacarrier
=500  \\$aSpecCol. c. 1 is bound in red leather, has watered silk endpaper and gilded edges. On front cover there are dedicatory inscriptions in Gold Ottoman Turkish and the sultanic seal (tuğra). The inscription in Ottoman Turkish reads: "el-sulṭân ibn el-sulṭân el-sulṭân al-ġâzî 'Abdülḥamîd Ḫân ḥażretlerının ṭaraf-i eşref mulûkânelerinden Vashington'da meclis-i mebʻûs̲an aʻżâʾından musyu Huvit ḥażretlerine ihdâ ettirilmiştir." On the back cover there are dedicatory inscriptions in English and French in gold and the symbol of the Ottoman state. The inscription in English reads: "Gift made by H.I.M. the Sultan Abdul-Hamid II to the honorable A.S. Hewitt[,] member of the House of Representatives in Washington[,] A.H. 1302 - 1884 A.D." The inscription in French reads: "Don fait par S.M.I le Sultan Abdul-Hamid II. a l'honorable M.A.S. Hewitt[,] membre de la Chambre des Representants a Washington[,] A.H. 1032 - 1884 A.D."$5NNU
=500  \\$aSpecCol. c. 1 was a gift of Abram Hewitt to the University of the City of New York. Accession number 7892L$5NNU
=510  4\$aÖzege, M.S. Eski harflerle,$c18832
=650  \0$aCommercial law$zTurkey.
=650  \7$aCommercial law.$2fast$0(OCoLC)fst00869502
=651  \7$aTurkey.$2fast$0(OCoLC)fst01208963
=700  1\$aHewitt, Abram S.$q(Abram Stevens),$d1822-1903,$edonor.$5NNU
=700  0\$aAbdülhamid$bII,$cSultan of the Turks,$d1842-1918.$5NNU
=880  1\$6100-01/$aواحان, اوحان.
=880  10$6245-02/$aشرح قانون تجارت \$cاثر اوحان واحان.
=880  \1$6264-03/$aاستانبول :$bبكر افندى ومحمد بك مطبعه سى,$c1299 [1882]
=852  0\$aNNU$bBFALE$cFALES$hKKX500$i.V34 1882$mNon-circulating$t1

