=LDR  02767cam a2200433 i 4500
=001  004266229
=003  OCoLC
=004  004266229
=005  20160328143740.0
=008  160328s1882\\\\tu\\\\\\\bc\\\000\0\ota\d
=035  \\$a(OCoLC)12058634
=040  \\$aCLU$beng$erda$cCLU$dOSU$dOCLCQ$dOCLCO$dNNU
=043  \\$aa-tu---
=050  \4$aZ953.I78$bY36 1882
=066  \\$c(3
=110  2\$6880-01$aYeni Cami Kütüphanesi (Istanbul, Turkey)
=245  10$6880-02$aYeni Cami Kütüphanesinde mahfuz kütüb-ü mevcudenin defteridir.
=264  \1$a[Istanbul] :$b[publisher not identified],$c1300 [1882]
=300  \\$a103 pages ;$c28 cm
=336  \\$atext$btxt$2rdacontent
=337  \\$aunmediated$bn$2rdamedia
=338  \\$avolume$bnc$2rdacarrier
=500  \\$aSpecCol. c. 1 is bound in red leather, has watered silk endpaper and gilded edges. On front cover there are dedicatory inscriptions in Gold Ottoman Turkish and the sultanic seal (tuğra). The inscription in Ottoman Turkish reads: "el-sulṭân ibn el-sulṭân el-sulṭân al-ġâzî 'Abdülḥamîd H̲ân ḥażretlerının ṭaraf-i eşref mulûkânelerinden Vashington'da meclis-i mebʻûs̲an aʻżâʾından musyu Huvit ḥażretlerine ihdâ ettirilmiştir." On the back cover there are dedicatory inscriptions in English and French in gold and the symbol of the Ottoman state. The inscription in English reads: "Gift made by H.I.M. the Sultan Abdul-Hamid II to the honorable A.S. Hewitt[,] member of the House of Representatives in Washington[,] A.H. 1302 - 1884 A.D." The inscription in French reads: "Don fait par S.M.I le Sultan Abdul-Hamid II. a l'honorable M.A.S. Hewitt[,] membre de la Chambre des Representants a Washington[,] A.H. 1032 - 1884 A.D."$5NNU
=500  \\$aSpecCol. c. 1 was a gift of Abram Hewitt to the University of the City of New York. Accession number 7808L$5NNU
=546  \\$aTurkish in Arabic script.
=510  4\$aÖzege, M.S. Eski harflerle,$c22988
=500  \\$aAdministered by Süleymaniye Kütüphanesi.
=610  20$aYeni Cami Kütüphanesi (Istanbul, Turkey)$vCatalogs.
=650  \0$aManuscripts, Turkish$zTurkey$zIstanbul$vCatalogs.
=650  \0$aManuscripts, Turkish$zTurkey$zIstanbul$vCatalogs$y19th century.
=650  \0$aLibraries$zTurkey$zIstanbul.
=650  \0$aLibraries$zTurkey.
=650  \0$aTurkish literature$vBibliography$vCatalogs.
=700  1\$aHewitt, Abram S.$q(Abram Stevens),$d1822-1903,$edonor.$5NNU
=700  0\$aAbdülhamid$bII,$cSultan of the Turks,$d1842-1918.$5NNU
=880  2\$6110-01/$aيكي جامع كتبخانهسي.
=880  10$6245-02/$aيكي جامع كتبخانهسنده محفوظ كتب موجودهنك دفتريدر.
=852  0\$aNNU$bBFALE$cFALES$hZ953.I78$iY36 1882$mNon-circulating$t1
=994  \\$aZ0$bZYU

