=LDR  02485nam a2200349 i 4500
=001  004276304
=004  004276304
=005  20160421113734.0
=008  160421s1882\\\\tu\\\\\\\\\\\\000\0\ara\d
=040  \\$aNNU$beng$erda$cNNU
=050  \4$aPJ6151$b.Z39 1882
=100  1\$6880-01$aZaynīʹzādah, Ḥusayn ibn Aḥmad,$d-1754 or 1755.
=245  10$6880-02$aMuʻrib al-iẓhār,$cli-Zaynīzādah.
=264  \1$6880-03$a[Istanbul],$bMaṭbaʻa-yi ʻÂmire,$c1300 [1882 or 1883]
=300  \\$a384 pages
=336  \\$atext$btxt$2rdacontent
=337  \\$aunmediated$bn$2rdamedia
=338  \\$avolume$bnc$2rdacarrier
=500  \\$aAlso known as:Ḥall asrār.
=500  \\$aSpecCol. c. 1 is bound in red leather, has watered silk endpaper and gilded edges. On front cover there are dedicatory inscriptions in Gold Ottoman Turkish and the sultanic seal (tuğra). The inscription in Ottoman Turkish reads: "el-sulṭân ibn el-sulṭân el-sulṭân al-ġâzî 'Abdülḥamîd H̲ân ḥażretlerının ṭaraf-i eşref mulûkânelerinden Vashington'da meclis-i mebʻûs̲an aʻżâʾından musyu Huvit ḥażretlerine ihdâ ettirilmiştir." On the back cover there are dedicatory inscriptions in English and French in gold and the symbol of the Ottoman state. The inscription in English reads: "Gift made by H.I.M. the Sultan Abdul-Hamid II to the honorable A.S. Hewitt[,] member of the House of Representatives in Washington[,] A.H. 1302 - 1884 A.D." The inscription in French reads: "Don fait par S.M.I le Sultan Abdul-Hamid II. a l'honorable M.A.S. Hewitt[,] membre de la Chambre des Representants a Washington[,] A.H. 1032 - 1884 A.D."$5NNU
=500  \\$aSpecCol. c. 1 was a gift of Abram Hewitt to the Library of the University of the City of New York. Accession number 7837L$5NNU
=650  \0$aArabic language$xSyntax.
=600  10$aBirgilī, Muḥammad ibn Pīr ʻAli,$d1523-1573.$tIẓhār al-asrār.
=700  1\$aHewitt, Abram S.$q(Abram Stevens),$d1822-1903,$edonor.$5NNU
=700  0\$aAbdülhamid$bII,$cSultan of the Turks,$d1842-1918.$5NNU
=710  2\$6880-05$aMaṭbaʻa-yi ʻÂmire,$epublisher.
=880  1\$6100-01/$aزينيزادة، حسين بن احمد،$d-1754 or 1755.
=880  10$6245-02/$aمعرب الاظهار،$cلزينيزادة.
=880  \1$6264-03/$a]استانبول] :$bمطبعهٔ عامره,$c1300 [1882]
=880  2\$6710-05/$aمطبعهٔ عامره.
=852  0\$aNNU$bBFALE$cFALES$hPJ6151$i.Z39 1882$mNon-circulating$t1
=994  \\$aZ0$bZYU

