=LDR  02582cam a22004215i 4500
=001  004276467
=003  OCoLC
=005  20160422105614.0
=007  ta
=008  160422m18839999tu\a\\\\\\\\\\000\0\ota\d
=035  \\$a(OCoLC)25345952
=040  \\$aPUL$beng$erda$cPUL$dOCLCG$dOCLCQ$dOCLCF$dOCLCO$dOCLCQ
=050  \4$aG74$b.A23 1883
=100  0\$6880-01$aAbdurrahman Şeref,$d1853-1925,$eauthor.
=245  10$6880-02$aCoğrafya-yı umumı̂ /$ceser-i Abdurrahman Şeref.
=264  \1$6880-03$aİstanbul :$bKitapçı Karabet,$c1301- [1883 or 1884-]
=300  \\$avolumes :$billustrations ;$c20 cm
=336  \\$atext$btxt$2rdacontent
=337  \\$aunmediated$bn$2rdamedia
=338  \\$avolume$bnc$2rdacarrier
=500  \\$aTurkish in Arabic script.
=500  \\$aSpecCol. c. 1 is bound in red leather, has watered silk endpaper and gilded edges. On front cover there are dedicatory inscriptions in Gold Ottoman Turkish and the sultanic seal (tuğra). The inscription in Ottoman Turkish reads: "el-sulṭân ibn el-sulṭân el-sulṭân al-ġâzî 'Abdülḥamîd H̲ân ḥażretlerının ṭaraf-i eşref mulûkânelerinden Vashington'da meclis-i mebʻûs̲an aʻżâʾından musyu Huvit ḥażretlerine ihdâ ettirilmiştir." On the back cover there are dedicatory inscriptions in English and French in gold and the symbol of the Ottoman state. The inscription in English reads: "Gift made by H.I.M. the Sultan Abdul-Hamid II to the honorable A.S. Hewitt[,] member of the House of Representatives in Washington[,] A.H. 1302 - 1884 A.D." The inscription in French reads: "Don fait par S.M.I le Sultan Abdul-Hamid II. a l'honorable M.A.S. Hewitt[,] membre de la Chambre des Representants a Washington[,] A.H. 1032 - 1884 A.D."$5NNU
=510  4\$aÖzege, M.S. Eski harflerle,$c3137
=650  \0$aGeography.
=650  \7$aGeography.$2fast$0(OCoLC)fst00940469
=700  1\$aHewitt, Abram S.$q(Abram Stevens),$d1822-1903,$edonor.$5NNU
=700  0\$aAbdülhamid$bII,$cSultan of the Turks,$d1842-1918.$5NNU
=710  2\$6880-04$aḲarabet,$epublisher.
=710  2\$6880-05$aMaḥmût Bey Maṭbaʻası,$epublisher.
=880  0\$6100-01/$aعبد الرحمن شرف,$d1853-1925.
=880  10$6245-02/$aجغرافياى عمومى \$cاثر عبد الرحمن شرف.
=880  \1$6264-03/$aاستانبول :$bكتابجى قرهبت,$c1301- [1883 ot 1884-]
=880  2\$6710-04/$aقرهبت.
=880  2\$6710-05/$aمحمود بك مطبعهسى.
=852  0\$aNNU$bBFALE$cFALES$hG74$i.A23 1883$mNon-circulating
=853  20$81$av.
=863  \\$81.1$a1
=994  \\$aZ0$bZYU

