=LDR  02548cam a2200397 i 4500
=001  004267196
=003  OCoLC
=004  004267196
=005  20160330134725.0
=008  160330s1883\\\\tu\\\\\\\\\\\\000\f\ota\d
=035  \\$a(OCoLC)316103127
=040  \\$aLGG$beng$erda$cLGG$dOCLCF$dOCLCO$dOCLCQ$dOCLCO$dNNU
=050  14$aPL248.A3173$b.A36 1883
=100  0\$6880-01$aAhmet Mithat,$d1844-1912,$eauthor.
=245  10$6880-02$aEsrâr-ı cinâyât /$cAhmet Midhat Efendi.
=264  \1$6880-03$aIstanbul :$bTercuman Hakikat,$c1301 [1883]
=300  \\$a210 pages
=336  \\$atext$btxt$2rdacontent
=337  \\$aunmediated$bn$2rdamedia
=338  \\$avolume$bnc$2rdacarrier
=500  \\$aNovels.
=500  \\$aSpecCol. c. 1 is bound in red leather, has watered silk endpaper and gilded edges. On front cover there are dedicatory inscriptions in Gold Ottoman Turkish and the sultanic seal (tuğra). The inscription in Ottoman Turkish reads: "el-sulṭân ibn el-sulṭân el-sulṭân al-ġâzî 'Abdülḥamîd H̲ân ḥażretlerının ṭaraf-i eşref mulûkânelerinden Vashington'da meclis-i mebʻûs̲an aʻżâʾından musyu Huvit ḥażretlerine ihdâ ettirilmiştir." On the back cover there are dedicatory inscriptions in English and French in gold and the symbol of the Ottoman state. The inscription in English reads: "Gift made by H.I.M. the Sultan Abdul-Hamid II to the honorable A.S. Hewitt[,] member of the House of Representatives in Washington[,] A.H. 1302 - 1884 A.D." The inscription in French reads: "Don fait par S.M.I le Sultan Abdul-Hamid II. a l'honorable M.A.S. Hewitt[,] membre de la Chambre des Representants a Washington[,] A.H. 1032 - 1884 A.D."$5NNU
=500  \\$aSpecCol. c. 1 was a gift of Abram Hewitt to the Library of New York University. Accession number 30453.$5NNU
=510  4\$aÖzege, M.S. Eski harflerle,$c6165
=546  \\$aTurkish in Arabic script.
=650  \0$aTurkish literature$vFiction.
=650  \4$aTürk edebiyatı$vRomanlar.
=650  \7$aTurkish literature.$2fast$0(OCoLC)fst01159487
=655  \7$aFiction.$2fast$0(OCoLC)fst01423787
=700  1\$aHewitt, Abram S.$q(Abram Stevens),$d1822-1903,$edonor.$5NNU
=700  0\$aAbdülhamid$bII,$cSultan of the Turks,$d1842-1918.$5NNU
=880  0\$6100-01/$aاحمد مدحت,$d1844-1912.
=880  10$6245-02/$aاسرار جنايات \$cاحمد مدحت افندى.
=880  \1$6264-03/$aاستانبول :$bترجمان حقيقت,$c1301 [1883]
=852  0\$aNNU$bBFALE$cFALES$hPL248.A3173$i.A36 1883$mNon-circulating$t1
=994  \\$aZ0$bZYU

