=LDR  03281cam a2200541 a 4500
=001  004235485
=003  OCoLC
=005  20160216130923.0
=008  160216s1883\\\\tu\\\\\\\\\\\\000\0aotao\
=010  \\$a84240545
=035  \\$a(OCoLC)12163444
=040  \\$aDLC$beng$erda$cDLC$dOCL$dOCLCG$dHLS$dOCLCO$dOCLCQ$dOCLCF$dOCLCO$dOCL$dOCLCO$dOCLCA$dNNU
=043  \\$aa-tu---
=050  04$aDR562$b.A36 1883
=066  \\$c(3$c(4
=100  0\$6880-01$aAkif Paşa,$d1787-1845,$eauthor.
=240  10$6880-02$aTabsıra
=245  10$6880-03$aTabsıra-yi Akif Paşa.
=250  \\$6880-04$a4cü defa-yi temeşşili.
=264  \1$6880-05$aKonstantiniye [İstanbul] :$bMatbaa-yi Ebüzziya,$c1300 [1883?]
=300  \\$a86 pages ;$c18 cm
=336  \\$atext$btxt$2rdacontent
=337  \\$aunmediated$bn$2rdamedia
=338  \\$avolume$bnc$2rdacarrier
=500  \\$aTurkish in Arabic script.
=500  \\$aSpecCol. c. 1 is bound in red leather, has watered silk endpaper and gilded edges. On front cover there are dedicatory inscriptions in Gold Ottoman Turkish and the sultanic seal (tuğra). The inscription in Ottoman Turkish reads: "el-sulṭân ibn el-sulṭân el-sulṭân al-ġâzî 'Abdülḥamîd H̲ân ḥażretlerının ṭaraf-i eşref mulûkânelerinden Vashington'da meclis-i mebʻûs̲an aʻżâʾından musyu Huvit ḥażretlerine ihdâ ettirilmiştir." On the back cover there are dedicatory inscriptions in English and French in gold and the symbol of the Ottoman state. The inscription in English reads: "Gift made by H.I.M. the Sultan Abdul-Hamid II to the honorable A.S. Hewitt[,] member of the House of Representatives in Washington[,] A.H. 1302 - 1884 A.D." The inscription in French reads: "Don fait par S.M.I le Sultan Abdul-Hamid II. a l'honorable M.A.S. Hewitt[,] membre de la Chambre des Representants a Washington[,] A.H. 1032 - 1884 A.D."$5NNU
=500  \\$aSpecCol. c. 1 was a gift of Abram Hewitt to the University of the City of New York. Accession number 7916L$5NNU
=510  4\$aÖzege, M.S. Eski harflerle,$c19181
=600  00$aAkif Paşa,$d1787-1845.
=650  \0$aStatesmen$zTurkey$vBiography.
=651  \0$aTurkey$xHistory$y1829-1878.
=600  00$aPertev Paşa,$d1785-1837.
=600  07$aAkif Paşa,$d1787-1845.$2fast$0(OCoLC)fst00141268
=600  07$aPertev Paşa,$d1785-1837.$2fast$0(OCoLC)fst00141266
=650  \7$aStatesmen.$2fast$0(OCoLC)fst01131990
=651  \7$aTurkey.$2fast$0(OCoLC)fst01208963
=648  \7$a1829 - 1878.$2fast
=655  \7$aHistory.$2fast$0(OCoLC)fst01411628
=655  \7$aBiography.$2fast$0(OCoLC)fst01423686
=776  08$iOnline version:$aAkif Paşa, 1787-1845.$sTabsıra.$tTabsıra-yi Akif Paşa.$b4cü defa-yi temeşşili.$dKonstantiniye [İstanbul] : Matbaa-yi Ebüzziya, 1300 [1883?]$w(OCoLC)904027422
=700  1\$aHewitt, Abram S.$q(Abram Stevens),$d1822-1903,$edonor.$5NNU
=700  0\$aAbdülhamid$bII,$cSultan of the Turks,$d1842-1918.$5NNU
=880  0\$6100-01/$a‏عاكف پاشا.
=880  10$6240-02/$a‏تبصرة
=880  10$6245-03/$a‏تبصرۀ عاكف پاشا.
=880  \\$6250-04/$a‏[برنجى طبعى]؛ دردنجى دفعۀ تمثيلى.
=880  \1$6264-05/$a‏قسطنطينيه :‏$b‏ مطبعۀ ابو الضيا،‏$c‏١٣٠٠.
=994  \\$aZ0$bZYU

