=LDR  02598cam a2200349 i 4500
=001  004225713
=004  004225713
=005  20161101105652.0
=008  160119s1883\\\\tu\a\\\\\\\\\\000\0\otao\
=040  \\$aNNU$beng$erda$cNNU
=050  00$aVK145$b.A37 1883
=100  0\$6880-01$aAksaraylı Meḥmet.
=245  10$6880-02$aRehnümâ-yi sefâin /$cErkân-i Ḥarbiye-yi Baḥriye miralaylarından ve Şurâ-yi Baḥriye Aksaraylı Meḥmet Bey.
=264  \1$6880-03$aḲosṭanṭiniye [Istanbul] :$bMaṭbaʻa-yi Ebüżżiyâ,$c1300 [1883]
=300  \\$a332 pages :$billustrations ;$c24 cm
=336  \\$atext$2rdacontent
=337  \\$aunmediated$2rdamedia
=338  \\$avolume$2rdacarrier
=500  \\$aSpecCol. c. 1 is bound in red leather, has watered silk endpaper and gilded edges. On front cover there are dedicatory inscriptions in Gold Ottoman Turkish and the sultanic seal (tuğra). The inscription in Ottoman Turkish reads: "el-sulṭân ibn el-sulṭân el-sulṭân al-ġâzî 'Abdülḥamîd Ḫân ḥażretlerının ṭaraf-i eşref mulûkânelerinden Vashington'da meclis-i mebʻûs̲an aʻżâʾından musyu Huvit ḥażretlerine ihdâ ettirilmiştir." On the back cover there are dedicatory inscriptions in English and French in gold and the symbol of the Ottoman state. The inscription in English reads: "Gift made by H.I.M. the Sultan Abdul-Hamid II to the honorable A.S. Hewitt[,] member of the House of Representatives in Washington[,] A.H. 1302 - 1884 A.D." The inscription in French reads: "Don fait par S.M.I le Sultan Abdul-Hamid II. a l'honorable M.A.S. Hewitt[,] membre de la Chambre des Representants a Washington[,] A.H. 1032 - 1884 A.D."$5NNU
=500  \\$aSpecCol. c. 1 was a gift of Abram Hewitt to the University of the City of New York. Accession number 7798L$5NNU
=510  4\$aÖzege, M.S. Eski harflerle,$c16704
=650  \0$aNavigation.
=650  \0$aNaval art and science.
=650  \7$aNaval art and science.$2fast$0(OCoLC)fst01034937
=650  \7$aNavigation.$2fast$0(OCoLC)fst01035085
=700  1\$aHewitt, Abram S.$q(Abram Stevens),$d1822-1903,$edonor.$5NNU
=700  0\$aAbdülhamid$bII,$cSultan of the Turks,$d1842-1918.$5NNU
=880  0\$6100-01/$aآقسرايلى محمد.
=880  10$6245-02/$aرهنماي سفائن \$cاركان حربيه بحريه ميرآلايلرندن وشوراى بحريه أعضاسندن آقسرايلى محمد.
=880  \1$6264-03/$aقسطنطنيه [استانبول] :$bمطبعه ابو الضيا,$c1300 [1883]
=852  0\$aNNU$bBFALE$cFALES$hVK145$i.A37 1883$mNon-circulating$t1
=994  \\$aZ0$bZYU

