=LDR  02564cam a22004095i 4500
=001  004236706
=003  OCoLC
=004  004236706
=005  20161101105709.0
=008  160219s1883\\\\tu\\\\\\\\\\\\000\0\ota\d
=035  \\$a(OCoLC)78024924
=040  \\$aMH-L$beng$erda$cHLS$dOCLCF$dOCLCO$dOCLCQ
=043  \\$aa-tu---
=050  \4$aKKX17$b.A45 1883
=100  0\$6880-01$aAli Rıza,$eauthor.
=245  10$6880-02$aMuharrerat-i adliye-yi umumiye /$cAli Rıza.
=246  3\$6880-03$aMuharrerat-i umumiye-yi adliye
=264  \1$6880-04$aİstanbul :$bKitapçı Karabit,$c1301 [1883 or 1884]
=300  \\$avolumes ;$c20 cm
=336  \\$atext$btxt$2rdacontent
=337  \\$aunmediated$bn$2rdamedia
=338  \\$avolume$bnc$2rdacarrier
=500  \\$aSpecCol. c. 1 is bound in red leather, has watered silk endpaper and gilded edges. On front cover there are dedicatory inscriptions in Gold Ottoman Turkish and the sultanic seal (tuğra). The inscription in Ottoman Turkish reads: "el-sulṭân ibn el-sulṭân el-sulṭân al-ġâzî 'Abdülḥamîd Ḫân ḥażretlerının ṭaraf-i eşref mulûkânelerinden Vashington'da meclis-i mebʻûs̲an aʻżâʾından musyu Huvit ḥażretlerine ihdâ ettirilmiştir." On the back cover there are dedicatory inscriptions in English and French in gold and the symbol of the Ottoman state. The inscription in English reads: "Gift made by H.I.M. the Sultan Abdul-Hamid II to the honorable A.S. Hewitt[,] member of the House of Representatives in Washington[,] A.H. 1302 - 1884 A.D." The inscription in French reads: "Don fait par S.M.I le Sultan Abdul-Hamid II. a l'honorable M.A.S. Hewitt[,] membre de la Chambre des Representants a Washington[,] A.H. 1032 - 1884 A.D."$5NNU
=500  \\$aSpecCol. c. 1 was a gift of Abram Hewitt to the University of the City of New York. Accession number 7869L$5NNU
=510  4\$aÖzege, M.S. Eski harflerle,$c14111
=650  \0$aLaw$zTurkey.
=650  \0$aLaw$zTurkey$y19th century.
=650  \7$aLaw.$2fast$0(OCoLC)fst00993678
=651  \7$aTurkey.$2fast$0(OCoLC)fst01208963
=700  1\$aHewitt, Abram S.$q(Abram Stevens),$d1822-1903,$edonor.$5NNU
=700  0\$aAbdülhamid$bII,$cSultan of the Turks,$d1842-1918.$5NNU
=880  0\$6100-01/$aعلي رضا.
=880  10$6245-02/$aمحررات عدليه عموميه \$cعلى رضا.
=880  3\$6246-03/$aمحررات عموميه عدليه.
=880  \1$6264-04/$aاستانبول :$bكتابجى قرهبت,$c1301 [1883 or 1884]
=852  0\$aNNU$bBFALE$cFALES$hKKX17$i.A45 1883$mNon-circulating$t1
=994  \\$aZ0$bZYU

