=LDR  02803cam a2200397 i 4500
=001  004236626
=003  OCoLC
=004  004236626
=005  20161101105730.0
=008  160219s1883\\\\tu\a\\\\\\\\\\000\0\ota\d
=035  \\$a(OCoLC)49368390
=040  \\$aPUL$beng$erda$cPUL$dOCLCG$dOCLCF$dOCLCO$dOCLCQ$dNNU
=050  \4$aQA802$b.A45 1883
=100  0\$6880-01$aAli Sedat bin Cevdet,$d1857-1900,$eauthor.
=245  10$6880-02$aḲav̂aid ut-tạhavvülât fî ḥarekât iz-z̲errât /$ces̲er ḫâme-yi ʻAlî Sedât.
=264  \1$6880-03$a[Istanbul] :$bMaṭbaʻa-yı ʻOsmâniye,$c1300 [1883]
=300  \\$a192 pages :$billustrations ;$c19 cm
=336  \\$atext$btxt$2rdacontent
=337  \\$aunmediated$bn$2rdamedia
=338  \\$avolume$bnc$2rdacarrier
=500  \\$aSpecCol. c. 1 is bound in red leather, has watered silk endpaper and gilded edges. On front cover there are dedicatory inscriptions in Gold Ottoman Turkish and the sultanic seal (tuğra). The inscription in Ottoman Turkish reads: "el-sulṭân ibn el-sulṭân el-sulṭân al-ġâzî 'Abdülḥamîd Ḫân ḥażretlerının ṭaraf-i eşref mulûkânelerinden Vashington'da meclis-i mebʻûs̲an aʻżâʾından musyu Huvit ḥażretlerine ihdâ ettirilmiştir." On the back cover there are dedicatory inscriptions in English and French in gold and the symbol of the Ottoman state. The inscription in English reads: "Gift made by H.I.M. the Sultan Abdul-Hamid II to the honorable A.S. Hewitt[,] member of the House of Representatives in Washington[,] A.H. 1302 - 1884 A.D." The inscription in French reads: "Don fait par S.M.I le Sultan Abdul-Hamid II. a l'honorable M.A.S. Hewitt[,] membre de la Chambre des Representants a Washington[,] A.H. 1032 - 1884 A.D."$5NNU
=500  \\$aSpecCol. c. 1 was a gift of Abram Hewitt to the University of the City of New York. Accession number 7866L$5NNU
=510  4\$aÖzege, M.S. Eski harflerle,$c10427
=546  \\$aTurkish in Arabic script.
=650  \0$aParticles.
=650  \0$aMechanics.
=650  \7$aMechanics.$2fast$0(OCoLC)fst01013446
=650  \7$aParticles.$2fast$0(OCoLC)fst01054113
=776  08$iOnline version:$aAli Sedat bin Cevdet, 1857-1900.$tKavaid ut-tahavvülât fi harekât iz-zerrat.$d[Istanbul] : Matbaa-yı Osmaniye, 1300 [1883]$w(OCoLC)663352440
=700  1\$aHewitt, Abram S.$q(Abram Stevens),$d1822-1903,$edonor.$5NNU
=700  0\$aAbdülhamid$bII,$cSultan of the Turks,$d1842-1918.$5NNU
=880  0\$6100-01/$aعلى سداد بن جودت,$d1857-1900.
=880  10$6245-02/$aقواعد التحولات فى حركات الذرات \$cاثر خامهٔ على سداد.
=880  \1$6264-03/$a] استانبول] :$bمطبعهٔ عثمانيه,$c1300 [1883]
=852  0\$aNNU$bBFALE$cFALES$hQA802$i.A45 1883$mNon-circulating$t1
=994  \\$aZ0$bZYU

