=LDR  02597cam a2200397 i 4500
=001  004228943
=003  OCoLC
=004  004228943
=005  20160127130533.0
=008  160127s1883\\\\tu\\\\\\\\\\\\000\0\ota\d
=035  \\$a(OCoLC)22286448
=040  \\$aCLU$beng$erda$cCLU$dOCLCQ$dOCLCF$dOCLCQ$dOCLCO$dNNU
=050  \4$aPL175$b.A995 1883
=066  \\$c(3
=100  0\$6880-01$aAziz,$eauthor.
=245  10$6880-02$aTarifeli münşeât /$cʻAzîz.
=264  \1$6880-03$aIstanbul :$bMaḥmût Bey Maṭbaʻası,$c1299 [1882]
=300  \\$a140 pages
=336  \\$atext$btxt$2rdacontent
=337  \\$aunmediated$bn$2rdamedia
=338  \\$avolume$bnc$2rdacarrier
=500  \\$aSpecCol. c. 1 is bound in red leather, has watered silk endpaper and gilded edges. On front cover there are dedicatory inscriptions in Gold Ottoman Turkish and the sultanic seal (tuğra). The inscription in Ottoman Turkish reads: "el-sulṭân ibn el-sulṭân el-sulṭân al-ġazi 'Abdülḥamîd H̲ân ḥażretlerının ṭaraf-i eşref mulûkânelerinden Vashington'da meclis-i mebʻûs̲an aʻżâʾından musyu Huvit ḥażretlerine ihdâ ettirilmiştir." On the back cover there are dedicatory inscriptions in English and French in gold and the symbol of the Ottoman state. The inscription in English reads: "Gift made by H.I.M. the Sultan Abdul-Hamid II to the honorable A.S. Hewitt[,] member of the House of Representatives in Washington[,] A.H. 1302 - 1884 A.D." The inscription in French reads: "Don fait par S.M.I le Sultan Abdul-Hamid II. a l'honorable M.A.S. Hewitt[,] membre de la Chambre des Representants a Washington[,] A.H. 1032 - 1884 A.D."$5NNU
=500  \\$aSpecCol. c. 1 was a gift of Abram Hewitt to the University of the City of New York. Accession number 7859L$5NNU
=510  4\$aÖzege, M.S. Eski harflerle,$c19746
=650  \0$aTurkish language$xStyle.
=650  \0$aTurkish language$xForeign words and phrases.
=650  \7$aTurkish language$xForeign words and phrases.$2fast$0(OCoLC)fst01159428
=650  \7$aTurkish language$xStyle.$2fast$0(OCoLC)fst01159470
=776  08$iOnline version:$aAziz.$tTarifeli münşeat.$dIstanbul, 1883$w(OCoLC)923786870
=700  1\$aHewitt, Abram S.$q(Abram Stevens),$d1822-1903,$edonor.$5NNU
=700  0\$aAbdülhamid$bII,$cSultan of the Turks,$d1842-1918.$5NNU
=880  0\$6100-01/$aعزيز.
=880  10$6245-02/$aتعرفه لى منشأت /$cاثر عزيز.
=880  \1$6264-03/$aاستانبول :$bمحمود بك مطبعه سى،$c1299 [1882]
=852  0\$aNNU$bBFALE$cFALES$hPL175$i.A995 1883$mNon-circulating$t1
=994  \\$aZ0$bZYU

