=LDR  02399nam a2200325 i 4500
=001  004231581
=004  004231581
=005  20161101123044.0
=008  160202s1883\\\\tu\\\\\\\\\\\\000\0\ota\d
=040  \\$aNNU$beng$erda$cNNU
=043  \\$aa-tu---
=050  \4$aPG3283$b.B7419 1883
=100  1\$aBreto, A. K.,$eauthor.
=245  10$6880-01$aKütüpḫâne-yi eṭfâl /$cBreto; mütercimi Bafreli Orduluoġlu Yanḳo.
=264  \1$6880-02$aIstanbul :$bEs'at Efendi Maṭba'ası,$c1299 [1883]
=300  \\$a141 pages ;$c20 cm.
=336  \\$atext$2rdacontent
=337  \\$aunmediated$2rdamedia
=338  \\$avolume$2rdacarrier
=500  \\$aSpecCol. c. 1 is bound in red leather, has watered silk endpaper and gilded edges. On front cover there are dedicatory inscriptions in Gold Ottoman Turkish and the sultanic seal (tuğra). The inscription in Ottoman Turkish reads: "el-sulṭân ibn el-sulṭân el-sulṭân al-ġâzî 'Abdülḥamîd Ḫân ḥażretlerının ṭaraf-i eşref mulûkânelerinden Vashington'da meclis-i mebʻûs̲an aʻżâʾından musyu Huvit ḥażretlerine ihdâ ettirilmiştir." On the back cover there are dedicatory inscriptions in English and French in gold and the symbol of the Ottoman state. The inscription in English reads: "Gift made by H.I.M. the Sultan Abdul-Hamid II to the honorable A.S. Hewitt[,] member of the House of Representatives in Washington[,] A.H. 1302 - 1884 A.D." The inscription in French reads: "Don fait par S.M.I le Sultan Abdul-Hamid II. a l'honorable M.A.S. Hewitt[,] membre de la Chambre des Representants a Washington[,] A.H. 1032 - 1884 A.D."$5NNU
=500  \\$aSpecCol. c. 1 was a gift of Abram Hewitt to the University of the City of New York. Accession number 8097L$5NNU
=510  4\$aÖzege, M.S. Eski harflerle,$c11533
=650  \0$aShort stories$zTurkey.
=700  1\$6880-04$aBafreli Orduluoġlu Yanḳo,$etranslator.
=700  1\$aHewitt, Abram S.$q(Abram Stevens),$d1822-1903,$edonor.$5NNU
=700  0\$aAbdülhamid$bII,$cSultan of the Turks,$d1842-1918.$5NNU
=880  10$6245-01/$aكتبخانه اطفال \$cبرهتو؛ مترجمى بافرهلى اردولى اوغلى يانقو.
=880  \1$6264-02/$aاستانبول :$bاسعد افندى مطبعهسى,$c1299 [1883]
=880  1\$6700-04/$aبافرهلى اردولى اوغلى يانقو.
=852  0\$aNNU$bBFALE$cFALEF$hPG3283$i.B7419 1883$mNon-circulating$t1

