=LDR  02898cam a22003975i 4500
=001  004267241
=003  OCoLC
=004  004267241
=005  20160330155505.0
=008  160330s1883\\\\tu\\\\\\\\\\\\000\0\ota\d
=035  \\$a(OCoLC)26034160
=040  \\$aPUL$beng$cPUL$dOCLCQ$dOCLCO
=050  \4$aBP166$b.C47 1883
=100  0\$6880-01$aÇerkeş Şeyhizade Mehmet Tevfik,$d-1901 or 2,$eauthor.
=245  10$6880-02$aMiftah ül-akaid /$cAnkaravı̂ Çerkeş Şeyhizade Esseyyid Mehmet Tevfik Efendi hazretlerinin âsar-ı kelimesindendir.
=250  \\$6880-03$a1ci tabʼı.
=264  \1$6880-04$aİstanbul :$bMihran Matbaası,$c1301 [1883 or 1884]
=300  \\$a56 pages ;$c19 cm
=336  \\$atext$btxt$2rdacontent
=337  \\$aunmediated$bn$2rdamedia
=338  \\$avolume$bnc$2rdacarrier
=500  \\$aTurkish in Arabic script.
=500  \\$aErrata slip inserted.
=500  \\$aSpecCol. c. 1 is bound in red leather, has watered silk endpaper and gilded edges. On front cover there are dedicatory inscriptions in Gold Ottoman Turkish and the sultanic seal (tuğra). The inscription in Ottoman Turkish reads: "el-sulṭân ibn el-sulṭân el-sulṭân al-ġâzî 'Abdülḥamîd H̲ân ḥażretlerının ṭaraf-i eşref mulûkânelerinden Vashington'da meclis-i mebʻûs̲an aʻżâʾından musyu Huvit ḥażretlerine ihdâ ettirilmiştir." On the back cover there are dedicatory inscriptions in English and French in gold and the symbol of the Ottoman state. The inscription in English reads: "Gift made by H.I.M. the Sultan Abdul-Hamid II to the honorable A.S. Hewitt[,] member of the House of Representatives in Washington[,] A.H. 1302 - 1884 A.D." The inscription in French reads: "Don fait par S.M.I le Sultan Abdul-Hamid II. a l'honorable M.A.S. Hewitt[,] membre de la Chambre des Representants a Washington[,] A.H. 1032 - 1884 A.D."$5NNU
=500  \\$aSpecCol. c. 1 was a gift of Abram Hewitt to the Library of the University of the City of New York. Accession number 7910L$5NNU
=510  4\$aÖzege, M.S. Eski harflerle,$c13519
=650  \0$aIslam$xDoctrines.
=700  1\$aHewitt, Abram S.$q(Abram Stevens),$d1822-1903,$edonor.$5NNU
=700  0\$aAbdülhamid$bII,$cSultan of the Turks,$d1842-1918.$5NNU
=776  08$iOnline version:$aÇerkeş Şeyhizade Mehmet Tevfik, -1901 or 2.$tMiftah ül-akaid.$b1ci tabʼı.$dİstanbul : Mihran Matbaası, 1301 [1883 or 1884]$w(OCoLC)882420446
=880  0\$6100-01/$aچركس شيخيزاده محمد توفيق,$d-1901 or 2.
=880  10$6245-02/$aمفتاح العقائد \$cانقروى چركس شيخيزاده السيد محمد توفيق افندى حضرتلرك اثار كليمهسندندر.
=880  \\$6250-03/$aبرنجى طبعى.
=880  \1$6264-04/$aاستانبول :$bمهران مطبعهسى,$c1301 [1883 or 1884]
=852  0\$aNNU$bBFALE$cFALES$hBP166$i.C47 1883$mNon-circulating$t1
=994  \\$aZ0$bZYU

