=LDR  03555cam a2200445 i 4500
=001  004237814
=003  OCoLC
=004  004237814
=005  20161101123107.0
=008  160223s1883\\\\tu\\\\\\\\\\\\000\0\ota\d
=035  \\$a(OCoLC)25347619
=040  \\$aPUL$beng$erda$cPUL$dOCL$dOCLCG$dOCLCQ$dOCLCF$dOCLCO$dOCLCQ$dNNU
=041  1\$aota$hfre
=050  \4$aPC3552$b.C437 1883
=100  1\$aChapsal,$cM.$q(Charles Pierre),$d1788-1858,$eauthor.
=240  10$aExercises élémentaires adaptés à la grammaire française de MM. Nöel et Chapsal.$lOttoman Turkish
=245  10$6880-01$aMebadi-yi tatbikat-ı Fransevı̂ :$bMösyö Nol ve Şapsalʼın eserınden sarf-ı Fransevı̂ kısmına tatbik edilmiştir /$cmusannifi M. Şapsal ; mütercimi Serafin.
=246  3\$aExercises élémentaires adaptés à la grammaire française de MM. Noel et Chapsal
=264  \1$6880-02$aİstanbul :$bAramyan Matbaası,$c1883.
=264  \1$a02$aاستانبول :$bآراميان مطبعهسى,$c1883.
=300  \\$a198 pages ;$c20 cm
=336  \\$atext$btxt$2rdacontent
=337  \\$aunmediated$bn$2rdamedia
=338  \\$avolume$bnc$2rdacarrier
=500  \\$aText in French with Ottoman Turkish translation.
=500  \\$aTitle on added t.p.: Exercises élémentaires adaptés à la grammaire française de MM. Nöel et Chapsal.
=500  \\$aSpecCol. c. 1 is bound in red leather, has watered silk endpaper and gilded edges. On front cover there are dedicatory inscriptions in Gold Ottoman Turkish and the sultanic seal (tuğra). The inscription in Ottoman Turkish reads: "el-sulṭân ibn el-sulṭân el-sulṭân al-ġâzî 'Abdülḥamîd Ḫân ḥażretlerının ṭaraf-i eşref mulûkânelerinden Vashington'da meclis-i mebʻûs̲an aʻżâʾından musyu Huvit ḥażretlerine ihdâ ettirilmiştir." On the back cover there are dedicatory inscriptions in English and French in gold and the symbol of the Ottoman state. The inscription in English reads: "Gift made by H.I.M. the Sultan Abdul-Hamid II to the honorable A.S. Hewitt[,] member of the House of Representatives in Washington[,] A.H. 1302 - 1884 A.D." The inscription in French reads: "Don fait par S.M.I le Sultan Abdul-Hamid II. a l'honorable M.A.S. Hewitt[,] membre de la Chambre des Representants a Washington[,] A.H. 1032 - 1884 A.D."$5NNU
=500  \\$aSpecCol. c. 1 was a gift of Abram Hewitt to the Library of the University of the City of New York. Acession number 7940L$5NNU
=510  4\$aÖzege, M.S. Eski harflerle,$c12394
=650  \0$aFrench language$vTextbooks for foreign speakers$xTurkish.
=650  \0$aFrench language$xGrammar.
=650  \7$aFrench language.$2fast$0(OCoLC)fst00934333
=650  \7$aFrench language$xGrammar.$2fast$0(OCoLC)fst00934446
=655  \7$aTextbooks$vfor Turkish speakers.$2fast$0(OCoLC)fst01424342
=776  08$iOnline version:$aChapsal, M. (Charles Pierre), 1788-1858.$sExercises élémentaires adaptés à la grammaire française de MM. Nöel et Chapsal. Ottoman Turkish.$tMebadi-yi tatbikat-ı Fransevı̂.$dİstanbul : Aramyan Matbaası, 1883$w(OCoLC)657052223
=700  1\$aHewitt, Abram S.$q(Abram Stevens),$d1822-1903,$edonor.$5NNU
=700  0\$aAbdülhamid$bII,$cSultan of the Turks,$d1842-1918.$5NNU
=880  10$6245-01/$aمبادى تطبيقات فرانسوى :$bموسيو نول وشاپسال اثارندن صرف فرانسوى قسمنه تطبيق ايدلمشدر \$cمصنفى م. شاپسال؛ مترجمى صرافن.
=852  0\$aNNU$bBFALE$cFALEF$hPC3552$i.C437 1883$mNon-circulating$t1
=994  \\$aZ0$bZYU

