=LDR  02458nam a2200361 i 4500
=001  004234162
=004  004234162
=005  20161101123615.0
=008  160210s1883\\\\tu\\\\\\\\\\\\000\0\ota\d
=040  \\$aNNU$beng$erda$cNNU
=043  \\$an-us---
=050  \4$aPR3349.C21$bF419 1883
=100  1\$aCobb, James,$d1756-1818,$eauthor.
=240  14$aThe first floor.$lOttoman Turkish.
=245  10$6880-01$aBirinci kat :$bmużḥike : iki perde /$cCeyms Ḳob.
=264  \1$6880-02$aIstanbul :$bMihrân maṭbaʻası,$c1301 [1883 or 1884].
=300  \\$a86 pages ;$c17 cm.
=336  \\$atext$2rdacontent
=337  \\$aunmediated$2rdamedia
=338  \\$avolume$2rdacarrier
=500  \\$aSpecCol. c. 1 is bound in red leather, has watered silk endpaper and gilded edges. On front cover there are dedicatory inscriptions in Gold Ottoman Turkish and the sultanic seal (tuğra). The inscription in Ottoman Turkish reads: "el-sulṭân ibn el-sulṭân el-sulṭân al-ġâzî 'Abdülḥamîd Ḫân ḥażretlerının ṭaraf-i eşref mulûkânelerinden Vashington'da meclis-i mebʻûs̲an aʻżâʾından musyu Huvit ḥażretlerine ihdâ ettirilmiştir." On the back cover there are dedicatory inscriptions in English and French in gold and the symbol of the Ottoman state. The inscription in English reads: "Gift made by H.I.M. the Sultan Abdul-Hamid II to the honorable A.S. Hewitt[,] member of the House of Representatives in Washington[,] A.H. 1302 - 1884 A.D." The inscription in French reads: "Don fait par S.M.I le Sultan Abdul-Hamid II. a l'honorable M.A.S. Hewitt[,] membre de la Chambre des Representants a Washington[,] A.H. 1032 - 1884 A.D."$5NNU
=500  \\$aSpecCol. c. 1 was a gift of Abram Hewitt to the University of the City of New York. Accession number 8029L$5NNU
=510  4\$aÖzege, M.S. Eski harflerle,$c2442
=650  \0$aDrama$zUnited States$y19th century.
=650  \0$aEnglish drama$y18th century.
=650  \0$aEnglish farces$vEarly works to 1800.
=700  1\$6880-03$aFuât,$etranslator.
=700  1\$aHewitt, Abram S.$q(Abram Stevens),$d1822-1903,$edonor.$5NNU
=700  0\$aAbdülhamid$bII,$cSultan of the Turks,$d1842-1918.$5NNU
=880  10$6245-01/$aبرنجى قات :$bمضحكه : ايكى پرده \$cجيمس قوب.
=880  \1$6264-02/$aاستانبول :$aمهران مطبعهسى,$a1301 [1883 or 1884]
=880  1\$6700-03/$aفؤاد.
=852  0\$aNNU$bBFALE$cFALES$hPR3349.C21$iF419 1883$mNon-circulating$t1

