=LDR  02578nam a2200325 i 4500
=001  004258719
=004  004258719
=005  20161101123632.0
=008  160301s1883\\\\tu\\\\\\\\\\\\000\0\ota\d
=040  \\$aNNU$beng$erda$cNNU
=050  \4$aQA55$b.D8 1883
=100  1\$aDupuis, J.$q(Jean),$d1818-$eauthor.
=245  10$6880-01$aLâlând'ın cedâviline naẓaran beş aʻşâr mertebesine ḳadar ḥesâp olunmuş loġâritme cedâvili /$cmüellifi J. Dupuyi; mütercimi Maḥmût Şevket.
=264  \1$6880-02$a[Istanbul] :$bMaḥmût Bey Maṭbaʻası,$c1301 [1883 or 1884]
=300  \\$a211 pages ;$c16 cm.
=336  \\$atext$2rdacontent
=337  \\$aunmediated$2rdamedia
=338  \\$avolume$2rdacarrier
=500  \\$aSpecCol. c. 1 is bound in red leather, has watered silk endpaper and gilded edges. On front cover there are dedicatory inscriptions in Gold Ottoman Turkish and the sultanic seal (tuğra). The inscription in Ottoman Turkish reads: "el-sulṭân ibn el-sulṭân el-sulṭân al-ġâzî 'Abdülḥamîd Ḫân ḥażretlerının ṭaraf-i eşref mulûkânelerinden Vashington'da meclis-i mebʻûs̲an aʻżâʾından musyu Huvit ḥażretlerine ihdâ ettirilmiştir." On the back cover there are dedicatory inscriptions in English and French in gold and the symbol of the Ottoman state. The inscription in English reads: "Gift made by H.I.M. the Sultan Abdul-Hamid II to the honorable A.S. Hewitt[,] member of the House of Representatives in Washington[,] A.H. 1302 - 1884 A.D." The inscription in French reads: "Don fait par S.M.I le Sultan Abdul-Hamid II. a l'honorable M.A.S. Hewitt[,] membre de la Chambre des Representants a Washington[,] A.H. 1032 - 1884 A.D."$5NNU
=500  \\$aSpecCol. c. 1 was a gift of Abram Hewitt to the University of the City of New York. Accession number 8051L$5NNU
=510  4\$aÖzege, M.S. Eski harflerle,$c11731
=650  \0$aLogarithms.
=650  \0$aMathematics.
=700  0\$6880-04$aMahmud Şevket Paşa,$d1856-1913,$etranslator.
=700  0\$6880-01$aمحمود شوكت پاشا,$d1856-1913.
=700  1\$aHewitt, Abram S.$q(Abram Stevens),$d1822-1903,$edonor.$5NNU
=700  0\$aAbdülhamid$bII,$cSultan of the Turks,$d1842-1918.$5NNU
=880  10$6245-01/$aلالاندك جداولنه نظرا بش اعشار مرتبه قدر حساب اولنمش لغارتمه جداولى \$cمؤلفى ژ. دوپوى؛ مترجمى محمود شوكت.
=880  \1$6264-02/$a] استانبول] :$aمحمود بك مطبعهسى,$a1301 [1883 or 1884]
=852  0\$aNNU$bBFALE$cFALEF$hQA55$i.D8 1883$mNon-circulating$t1

