=LDR  02757cam a2200445 i 4500
=001  004231777
=003  OCoLC
=005  20161101123651.0
=007  ta
=008  160203m18831888tu\a\\\\\\\\\\000\0\ota\d
=035  \\$a(OCoLC)33061830
=040  \\$aHLS$beng$erda$cHLS$dOCLCQ$dOCLCG$dLGG$dGEBAY$dOCLCA$dOCLCQ$dOCLCO$dOCLCA$dOCLCF$dOCLCQ$dNNU
=043  \\$aa-su---
=050  \4$aDS248.M4$bE88 1883
=100  0\$6880-01$aEyüp Sabri Paşa,$d-1890,$eauthor.
=245  10$6880-02$aMirat ül-Harameyn.
=264  \1$6880-03$aKostantiniye :$bBahriye Matbaası,$c1301-1306 [1883-1888]
=300  \\$a3 volumes :$billustrations ;$c22 cm.
=336  \\$atext$btxt$2rdacontent
=337  \\$aunmediated$bn$2rdamedia
=338  \\$avolume$bnc$2rdacarrier
=505  0\$a1. Mirat-i Mekke -- 2: Mirat-i Medine -- 3. Mirat-i Ceziret ül-Arap.
=500  \\$aSpecCol. c. 1 is bound in red leather, has watered silk endpaper and gilded edges. On front cover there are dedicatory inscriptions in Gold Ottoman Turkish and the sultanic seal (tuğra). The inscription in Ottoman Turkish reads: "el-sulṭân ibn el-sulṭân el-sulṭân al-ġâzî 'Abdülḥamîd Ḫân ḥażretlerının ṭaraf-i eşref mulûkânelerinden Vashington'da meclis-i mebʻûs̲an aʻżâʾından musyu Huvit ḥażretlerine ihdâ ettirilmiştir." On the back cover there are dedicatory inscriptions in English and French in gold and the symbol of the Ottoman state. The inscription in English reads: "Gift made by H.I.M. the Sultan Abdul-Hamid II to the honorable A.S. Hewitt[,] member of the House of Representatives in Washington[,] A.H. 1302 - 1884 A.D." The inscription in French reads: "Don fait par S.M.I le Sultan Abdul-Hamid II. a l'honorable M.A.S. Hewitt[,] membre de la Chambre des Representants a Washington[,] A.H. 1032 - 1884 A.D."$5NNU
=500  \\$aSpecCol. c. 1 vol. 1 was a gift of Abram Hewitt to the Library of New York University. Accession number 30495$5NNU
=510  4\$aÖzege, M.S. Eski harflerle,$c13760
=650  \0$aShrines.
=651  \0$aMedina (Saudi Arabia)$xHistory.
=651  \0$aMecca (Saudi Arabia)$xHistory.
=650  \7$aShrines.$2fast$0(OCoLC)fst01117849
=651  \7$aSaudi Arabia$zMecca.$2fast$0(OCoLC)fst01204780
=651  \7$aSaudi Arabia$zMedina.$2fast$0(OCoLC)fst01213531
=700  1\$aHewitt, Abram S.$q(Abram Stevens),$d1822-1903,$edonor.$5NNU
=700  0\$aAbdülhamid$bII,$cSultan of the Turks,$d1842-1918.$5NNU
=880  0\$6100-01/$aايوب صبرى پاشا.
=880  10$6245-02/$aمرات الحرمين.
=880  \1$6264-03/$aقسطنطنيه :$bبحريه مطبعهسى,$c1301-1306 [1883-1888]
=852  0\$aNNU$bBFALE$cFALEF$hDS248.M4$iE88 1883$mNon-circulating
=853  20$81$av.
=863  \\$81.1$a1
=994  \\$aZ0$bZYU

