=LDR  02440nam a2200349 i 4500
=001  004228935
=004  004228935
=005  20161101123706.0
=008  160127s1883\\\\tu\\\\\\\b\\\\000\0\ota\d
=040  \\$aNNU$beng$erda$cNNU
=043  \\$aa-tu---
=050  \4$aG73$b.G45 1883
=100  1\$aGeikie, Archibald,$d1835-1924,$eauthor.
=240  10$aElementary lessons in physical Geography$lOttoman Turkish.
=245  10$6880-01$aCoġrâfyâ-yı ḥikemî /$cmütercimi: ʻÖmer Ṣubḥî.
=264  \1$6880-02$aIstanbul :$bCerîde-yi ʻAskeriye Maṭbaʻası,$c1301 [1883]
=300  \\$a181 pages :$c21 cm.
=336  \\$atext$2rdacontent
=337  \\$aunmediated$2rdamedia
=338  \\$avolume$2rdacarrier
=500  \\$aSpecCol. c. 1 is bound in red leather, has watered silk endpaper and gilded edges. On front cover there are dedicatory inscriptions in Gold Ottoman Turkish and the sultanic seal (tuğra). The inscription in Ottoman Turkish reads: "el-sulṭân ibn el-sulṭân el-sulṭân al-ġâzî 'Abdülḥamîd Ḫân ḥażretlerının ṭaraf-i eşref mulûkânelerinden Vashington'da meclis-i mebʻûs̲an aʻżâʾından musyu Huvit ḥażretlerine ihdâ ettirilmiştir." On the back cover there are dedicatory inscriptions in English and French in gold and the symbol of the Ottoman state. The inscription in English reads: "Gift made by H.I.M. the Sultan Abdul-Hamid II to the honorable A.S. Hewitt[,] member of the House of Representatives in Washington[,] A.H. 1302 - 1884 A.D." The inscription in French reads: "Don fait par S.M.I le Sultan Abdul-Hamid II. a l'honorable M.A.S. Hewitt[,] membre de la Chambre des Representants a Washington[,] A.H. 1032 - 1884 A.D."$5NNU
=500  \\$aSpecCol. c. 1 was a gift of Abram Hewitt to the Library of the University of the City of New York. Accession number 7928L$5NNU
=510  4\$aÖzege, M.S. Eski harflerle,$c3114
=650  \0$aGeography.
=650  \0$aGeography$zTurkey$y19th century.
=700  1\$6880-03$aʻÖmer Ṣubḥî,$etranslator.
=700  1\$aHewitt, Abram S.$q(Abram Stevens),$d1822-1903,$edonor.$5NNU
=700  0\$aAbdülhamid$bII,$cSultan of the Turks,$d1842-1918.$5NNU
=880  10$6245-01/$aجغرافياى حكمى \$cمترجمى عمر صبحى.
=880  \1$6264-02/$aاستانبول :$bجريده عسكريه مطبعهسى,$c1301 [1883]
=880  1\$6700-03/$aعمر صبحى.
=852  \\$aNNU$bBFALE$cFALES$hG73$i.G45 1883$mNon-circulating$t1

