=LDR  02485nam a2200349 i 4500
=001  004228904
=004  004228904
=005  20161101123725.0
=008  160127s1883\\\\tu\f\\\\\b\\\\000\0\ota\d
=040  \\$aNNU$beng$erda$cNNU
=043  \\$aa-tu---
=050  \4$aUD385.T9$bA46 1883
=100  1\$6880-01$aGorbon, Ahmet Refik,$eauthor.
=245  10$6880-02$aFenn-i esliḥa /$ces̲er-i Mîralayı Aḥmet Refîk ve Mîralayı Bekir Ṣidḳî.
=264  \1$6880-03$a[Istanbul] :$bMektep-i Fünûn-i Ḥarbiye Maṭbaʻası,$c1300 [1883]
=300  \\$a268 pages :$bFolded plates ;$c21 cm.
=336  \\$atext$2rdacontent
=337  \\$aunmediated$2rdamedia
=338  \\$avolume$2rdacarrier
=500  \\$aSpecCol. c. 1 is bound in red leather, has watered silk endpaper and gilded edges. On front cover there are dedicatory inscriptions in Gold Ottoman Turkish and the sultanic seal (tuğra). The inscription in Ottoman Turkish reads: "el-sulṭân ibn el-sulṭân el-sulṭân al-ġâzî 'Abdülḥamîd Ḫân ḥażretlerının ṭaraf-i eşref mulûkânelerinden Vashington'da meclis-i mebʻûs̲an aʻżâʾından musyu Huvit ḥażretlerine ihdâ ettirilmiştir." On the back cover there are dedicatory inscriptions in English and French in gold and the symbol of the Ottoman state. The inscription in English reads: "Gift made by H.I.M. the Sultan Abdul-Hamid II to the honorable A.S. Hewitt[,] member of the House of Representatives in Washington[,] A.H. 1302 - 1884 A.D." The inscription in French reads: "Don fait par S.M.I le Sultan Abdul-Hamid II. a l'honorable M.A.S. Hewitt[,] membre de la Chambre des Representants a Washington[,] A.H. 1032 - 1884 A.D."$5NNU
=500  \\$aSpecCol. c. 1 was a gift of Abram Hewitt to the University of the City of New York. Accession number 7870L$5NNU
=510  4\$aÖzege, M.S. Eski harflerle,$c5506
=650  \0$aFirearms.
=650  \0$aFirearms$zTurkey$y19th century.
=700  1\$6880-04$aBekir Ṣidḳî,$eauthor.
=700  1\$aHewitt, Abram S.$q(Abram Stevens),$d1822-1903,$edonor.$5NNU
=700  0\$aAbdülhamid$bII,$cSultan of the Turks,$d1842-1918.$5NNU
=880  1\$6100-01/$aاحمد رفيق.
=880  10$6245-02/$aفن اسلحه \$cاثر ميرالاى احمد رفيق وميرالاى بكر صدقى.
=880  \1$6264-03/$a[استانبول[ :$bمكتب فنون حربيه مطبعهسى,$c1300 [1883].
=880  1\$6700-04/$aبكر صدقى.
=852  0\$aNNU$bBFALE$cFALES$hUD385.T9$iA46 1883$mNon-circulating$t1

