=LDR  02756cam a2200433 i 4500
=001  004261492
=003  OCoLC
=004  004261492
=005  20160310152259.0
=008  160310s1883\\\\tu\\\\\\\\\\\\000\0\otao\
=010  \\$a2015421791
=035  \\$a(OCoLC)918941029
=040  \\$aDLC$beng$erda$cDLC$dOCLCO
=041  1\$aota$hrus
=042  \\$apcc
=043  \\$aa-tu---
=050  \4$aPG3337.G7$bG619 1883
=100  1\$aGriboyedov, Aleksandr Sergeyevich,$d1795-1829,$eauthor.
=240  10$aGore ot uma.$lTurkish
=245  10$6880-01$aAkıldan bela /$cmüellifi: Griboyedof ; rusçadan tercüme Mehmet Murat.
=264  \1$6880-02$aİstanbul :$bMahmut Bey Matbaası,$c1300 [1883 or 1884].
=300  \\$a118 pages ;$c21 cm
=336  \\$atext$2rdacontent
=337  \\$aunmediated$2rdamedia
=338  \\$avolume$2rdacarrier
=546  \\$aTurkish$bArabic script.
=510  4\$aÖzege, M.S. Eski harflerle,$c343
=500  \\$aSpecCol. c. 1 is bound in red leather, has watered silk endpaper and gilded edges. On front cover there are dedicatory inscriptions in Gold Ottoman Turkish and the sultanic seal (tuğra). The inscription in Ottoman Turkish reads: "el-sulṭân ibn el-sulṭân el-sulṭân al-ġâzî 'Abdülḥamîd H̲ân ḥażretlerının ṭaraf-i eşref mulûkânelerinden Vashington'da meclis-i mebʻûs̲an aʻżâʾından musyu Huvit ḥażretlerine ihdâ ettirilmiştir." On the back cover there are dedicatory inscriptions in English and French in gold and the symbol of the Ottoman state. The inscription in English reads: "Gift made by H.I.M. the Sultan Abdul-Hamid II to the honorable A.S. Hewitt[,] member of the House of Representatives in Washington[,] A.H. 1302 - 1884 A.D." The inscription in French reads: "Don fait par S.M.I le Sultan Abdul-Hamid II. a l'honorable M.A.S. Hewitt[,] membre de la Chambre des Representants a Washington[,] A.H. 1032 - 1884 A.D."$5NNU
=500  \\$aSpecCol. c. 1 was a gift of Abram Hewitt to the University of the City of New York. Accession number 7847L$5NNU
=650  \0$aRussian literature$zTurkey$y19th century.
=600  10$aGriboyedov, Aleksandr Sergeyevich, 1795-1829.$d1795-1829.$tGore ot uma.
=700  0\$6880-03$aMizancı Murad,$d1853-1914?$etranslator.
=700  1\$aHewitt, Abram S.$q(Abram Stevens),$d1822-1903,$edonor.$5NNU
=700  0\$aAbdülhamid$bII,$cSultan of the Turks,$d1842-1918.$5NNU
=880  10$6245-01/$aعقلدن بلا \$cمؤلفى غريبويهدوف؛ روسجهدن ترجمه محمد مراد.
=880  \1$6264-02/$aاستانبول :$aمحمود بك مطبعهسى,$a1300 [1883 or 1884]
=880  0\$6700-03/$aميزانجى مراد,$d1853-1914?.
=852  0\$aNNU$bBFALE$cFALES$hPG3337.G7$iG619 1883$mNon-circulating$t1
=994  \\$aZ0$bZYU

