=LDR  02682cam a2200397 i 4500
=001  004227006
=003  OCoLC
=004  004227006
=005  20161101123744.0
=008  160121s1883\\\\tu\a\\\\\\\\\\000\0\ota\d
=035  \\$a(OCoLC)222695842
=040  \\$aOTU$beng$erda$cUTO$dOCLCQ$dOCLCF$dOCLCO$dNNU
=043  \\$aa-ii---$aa-af---
=050  \4$aDS413$b.H23 1883
=100  1\$6880-01$aḤamdî, Aḥmed, Şîrvânî,$d-1889,$eauthor.
=245  10$6880-02$aHindistân ve Sûvât ve Âfġânistân seyâḥatnâmesi /$cAḥmed Ḥamdi.
=264  \1$6880-03$aIstanbul :$bMaḥmûd Bey Maṭbas'asi$c1300 [1883]
=300  \\$a293 pages :$billustrations ;$c18 cm.
=336  \\$atext$btxt$2rdacontent
=337  \\$aunmediated$bn$2rdamedia
=338  \\$avolume$bnc$2rdacarrier
=500  \\$aSpecCol. c. 1 is bound in red leather, has watered silk endpaper and gilded edges. On front cover there are dedicatory inscriptions in Gold Ottoman Turkish and the sultanic seal (tuğra). The inscription in Ottoman Turkish reads: "el-sulṭân ibn el-sulṭân el-sulṭân al-ġâzî 'Abdülḥamîd Ḫân ḥażretlerının ṭaraf-i eşref mulûkânelerinden Vashington'da meclis-i mebʻûs̲an aʻżâʾından musyu Huvit ḥażretlerine ihdâ ettirilmiştir." On the back cover there are dedicatory inscriptions in English and French in gold and the symbol of the Ottoman state. The inscription in English reads: "Gift made by H.I.M. the Sultan Abdul-Hamid II to the honorable A.S. Hewitt[,] member of the House of Representatives in Washington[,] A.H. 1302 - 1884 A.D." The inscription in French reads: "Don fait par S.M.I le Sultan Abdul-Hamid II. a l'honorable M.A.S. Hewitt[,] membre de la Chambre des Representants a Washington[,] A.H. 1032 - 1884 A.D."$5NNU
=500  \\$aSpecCol. c. 1 was a gift of Abram Hewitt to the University of the City of New York. Accession number 7977L$5NNU
=510  4\$aÖzege, M.S. Eski harflerle,$c7654
=651  \0$aIndia$xDescription and travel.
=651  \0$aAfghanistan$xDescription and travel.
=650  \7$aTravel.$2fast$0(OCoLC)fst01155558
=651  \7$aAfghanistan.$2fast$0(OCoLC)fst01205406
=651  \7$aIndia.$2fast$0(OCoLC)fst01210276
=700  1\$aHewitt, Abram S.$q(Abram Stevens),$d1822-1903,$edonor.$5NNU
=700  0\$aAbdülhamid$bII,$cSultan of the Turks,$d1842-1918.$5NNU
=880  1\$6100-01/$aحمدى, احمد, شيروانى.
=880  10$6245-02/$aهندستان وسوات وافغانستان سياحتنامهسى \$cاحمد حمدى.
=880  \1$6264-03/$aاستانبول :$bمحمود بك مطبعهسى,$c1300 [1883]
=852  0\$aNNU$bBFALE$cFALES$hDS413$i.H23 1883$mNon-circulating$t1
=994  \\$aZ0$bZYU

