=LDR  02279nam a2200301 i 4500
=001  004236598
=005  20161101123808.0
=008  160219s1883\\\\tu\af\\\\\\\\\000\0\ota\d
=040  \\$aNNU$beng$erda$cNNU
=043  \\$aa-tu---
=050  \4$aQB44$b.H373 1883
=100  1\$aHasan Bedreddin,$d1850-$eauthor.
=245  10$6880-02$aḲozmoġrafya :$byâḫûd ʻilm-i aḥvâl-i semâʼ /$cḤasan Bedreddîn.
=250  \\$6880-03$aTabʻ-ı s̲ânîsi.
=264  \1$6880-03$a[Istanbul] :$bMektep-i Fünûn-i Ḥarbiye-yi Şâhâne Maṭbaʻası,$c1301 [1883]
=300  \\$a362 pages :$billustrations, folded plates ;$c19 cm.
=336  \\$atext$2rdacontent
=337  \\$aunmediated$2rdamedia
=338  \\$avolume$2rdacarrier
=500  \\$aSpecCol. c. 1 is bound in red leather, has watered silk endpaper and gilded edges. On front cover there are dedicatory inscriptions in Gold Ottoman Turkish and the sultanic seal (tuğra). The inscription in Ottoman Turkish reads: "el-sulṭân ibn el-sulṭân el-sulṭân al-ġâzî 'Abdülḥamîd Ḫân ḥażretlerının ṭaraf-i eşref mulûkânelerinden Vashington'da meclis-i mebʻûs̲an aʻżâʾından musyu Huvit ḥażretlerine ihdâ ettirilmiştir." On the back cover there are dedicatory inscriptions in English and French in gold and the symbol of the Ottoman state. The inscription in English reads: "Gift made by H.I.M. the Sultan Abdul-Hamid II to the honorable A.S. Hewitt[,] member of the House of Representatives in Washington[,] A.H. 1302 - 1884 A.D." The inscription in French reads: "Don fait par S.M.I le Sultan Abdul-Hamid II. a l'honorable M.A.S. Hewitt[,] membre de la Chambre des Representants a Washington[,] A.H. 1032 - 1884 A.D."$5NNU
=500  \\$aSpecCol. c. 1 vol. 2 was a gift of Abram Hewitt to the Library of New York University. Accession number 30458$5NNU
=510  4\$aÖzege, M.S. Eski harflerle,$c11206
=650  \0$aSpherical astronomy.
=650  \0$aSpherical astronomy$zTurkey$y19th century.
=700  1\$aHewitt, Abram S.$q(Abram Stevens),$d1822-1903,$edonor.$5NNU
=700  0\$aAbdülhamid$bII,$cSultan of the Turks,$d1842-1918.$5NNU
=880  \\$6250-03/$aطبع ثانيسى.
=880  \1$6264-03/$a[ استانبول[ :$bمكتب فنون حربيهٔ شاهانه مطبعهسى,$c1301 [1883]

