=LDR  02612cam a22003975i 4500
=001  004273129
=003  OCoLC
=004  004273129
=005  20160413133250.0
=008  160413s1883\\\\tu\\\\\\\\\\\\000\0\ota\d
=035  \\$a(OCoLC)32707869
=040  \\$aPUL$beng$erda$cPUL$dOCLCQ$dOCLCF$dOCLCQ$dOCLCO
=050  14$aK559$b.H372 1883
=100  0\$6880-01$aHasan Fehmi,$eauthor.
=245  10$6880-02$aTelhis-i hukuk-i düvel /$ceser-i Hasan Fehmi.
=246  30$6880-03$aHukuk-i düvel
=264  \1$6880-04$aİstanbul :$bMatbaa-yı Osmaniye,$c1300 [1883]
=300  \\$a499 pages ;$c22 cm
=336  \\$atext$btxt$2rdacontent
=337  \\$aunmediated$bn$2rdamedia
=338  \\$avolume$bnc$2rdacarrier
=500  \\$aSpecCol. c. 1 is bound in red leather, has watered silk endpaper and gilded edges. On front cover there are dedicatory inscriptions in Gold Ottoman Turkish and the sultanic seal (tuğra). The inscription in Ottoman Turkish reads: "el-sulṭân ibn el-sulṭân el-sulṭân al-ġâzî 'Abdülḥamîd H̲ân ḥażretlerının ṭaraf-i eşref mulûkânelerinden Vashington'da meclis-i mebʻûs̲an aʻżâʾından musyu Huvit ḥażretlerine ihdâ ettirilmiştir." On the back cover there are dedicatory inscriptions in English and French in gold and the symbol of the Ottoman state. The inscription in English reads: "Gift made by H.I.M. the Sultan Abdul-Hamid II to the honorable A.S. Hewitt[,] member of the House of Representatives in Washington[,] A.H. 1302 - 1884 A.D." The inscription in French reads: "Don fait par S.M.I le Sultan Abdul-Hamid II. a l'honorable M.A.S. Hewitt[,] membre de la Chambre des Representants a Washington[,] A.H. 1032 - 1884 A.D."$5NNU
=500  \\$aSpecCol. c. 1 was a gift of Abram Hewitt to the University of the City of New York. Accession number 7796L$5NNU
=510  4\$aÖzege, M.S. Eski harflerle,$c20369
=546  \\$aTurkish in Arabic script.
=650  \0$aInternational law.
=650  \7$aInternational law.$2fast$0(OCoLC)fst00976984
=700  1\$aHewitt, Abram S.$q(Abram Stevens),$d1822-1903,$edonor,$eNNU.
=700  0\$aAbdülhamid$bII,$cSultan of the Turks,$d1842-1918.$5NNU
=776  08$iOnline version:$aHasan Fehmi.$tTelhis-i hukuk-i düvel.$dİstanbul : Matbaa-yı Osmaniye, 1300 [1883]$w(OCoLC)655935849
=880  0\$6100-01/$aحسن فهمى.
=880  10$6245-02/$aتلخيص حقوق دول \$cاثر حسن فهمى.
=880  30$6246-03/$aحقوق دول.
=880  \1$6264-04/$aاستانبول :$bمطبعهٔ عثمانيه,$c1300 [1883]
=852  0\$aNNU$bBFALE$cFALES$hK559$i.H372 1883$mNon-circulating$t1
=994  \\$aZ0$bZYU

