=LDR  02449nam a2200373 i 4500
=001  004240510
=004  004240510
=005  20161101123835.0
=008  160226s1883\\\\tu\\\\\\\\\\\\000\0\ota\d
=040  \\$aNNU$beng$erda$cNNU
=043  \\$aa-tu---
=050  \4$aQA139$b.H37 1883
=100  0\$6880-01$aHasan Tahsin,$eauthor.
=245  10$6880-02$aTelḫîṣ ül-ḥesâp /$ces̲er-i Ḥ. Taḥsîn.
=250  \\$6880-03$aİlk defe olarak.
=264  \1$6880-04$aİstanbul :$bMaḥmût Bey Maṭbaʻası,$c1300 [1883 or 1884]
=300  \\$a261 pages ;$c19 cm.
=336  \\$atext$2rdacontent
=337  \\$aunmediated$2rdamedia
=338  \\$avolume$2rdacarrier
=500  \\$aSpecCol. c. 1 is bound in red leather, has watered silk endpaper and gilded edges. On front cover there are dedicatory inscriptions in Gold Ottoman Turkish and the sultanic seal (tuğra). The inscription in Ottoman Turkish reads: "el-sulṭân ibn el-sulṭân el-sulṭân al-ġâzî 'Abdülḥamîd Ḫân ḥażretlerının ṭaraf-i eşref mulûkânelerinden Vashington'da meclis-i mebʻûs̲an aʻżâʾından musyu Huvit ḥażretlerine ihdâ ettirilmiştir." On the back cover there are dedicatory inscriptions in English and French in gold and the symbol of the Ottoman state. The inscription in English reads: "Gift made by H.I.M. the Sultan Abdul-Hamid II to the honorable A.S. Hewitt[,] member of the House of Representatives in Washington[,] A.H. 1302 - 1884 A.D." The inscription in French reads: "Don fait par S.M.I le Sultan Abdul-Hamid II. a l'honorable M.A.S. Hewitt[,] membre de la Chambre des Representants a Washington[,] A.H. 1032 - 1884 A.D."$5NNU
=500  \\$aSpecCol. c. 1 was a gift of Abram Hewitt to the Library of New York University. Accession number 30466.$5NNU
=510  4\$aÖzege, M.S. Eski harflerle,$c20392
=650  \0$aMathematics$zTurkey$y19th century.
=650  \0$aCalculus$zTurkey$y19th century.
=650  \0$aCalculus.
=650  \0$aMathematics.
=700  1\$aHewitt, Abram S.$q(Abram Stevens),$d1822-1903,$edonor.$5NNU
=700  0\$aAbdülhamid$bII,$cSultan of the Turks,$d1842-1918.$5NNU
=880  0\$6100-01/$aحسن تحسين.
=880  10$6245-02/$aتلخيص الحساب \$cاثر ح. تحسين.
=880  \\$6250-03/$aايلك دفعه اولهرق.
=880  \1$6264-04/$aاستانبول :$aمحمود بك مطبعهسى,$a1300 [1883 or 1884]
=852  0\$aNNU$bBFALE$cFALES$hQA139$i.H37 1883$mNon-circulating$t1

