=LDR  02177cam a2200289 i 4500
=001  004203648
=004  004203648
=005  20161101124326.0
=008  151104s1883\\\\tu\\\\\\\\\\\\000\0\ota\\
=040  \\$aNNU$beng$erda$cNNU
=043  \\$aa-tu---
=050  \4$aKKX3738$b.P59 1883
=245  00$6880-01$aPiyade dâḫiliye kânûnnâme-i hümâyunu.
=264  \1$6880-02$b[Istanbul] :$bMekteb-i Fünûn-i Ḥarbiye-i Şahâne Maṭaʻası,$c1299 (1883)
=264  \1$62$a[Istanbul] :$bمکتب فنون حربیهٔ شاهانه مطبعهسی,$c1299 (1883)
=300  \\$a348 pages :$c18 cm
=336  \\$atext$btxt$2rdacontent
=337  \\$aunmediated$bn$2rdamedia
=338  \\$avolume$bnc$2rdacarrier
=500  \\$aSpecCol. c. 1 is bound in red leather, has watered silk endpaper and gilded edges. On front cover there are dedicatory inscriptions in Gold Ottoman Turkish and the sultanic seal (tuğra). The inscription in Ottoman Turkish reads: "el-sulṭân ibn el-sulṭân el-sulṭân al-ġâzî 'Abdülḥamîd Ḫân ḥażretlerının ṭaraf-i eşref mulûkânelerinden Vashington'da meclis-i mebʻûs̲an aʻżâʾından musyu Huvit ḥażretlerine ihdâ ettirilmiştir." On the back cover there are dedicatory inscriptions in English and French in gold and the symbol of the Ottoman state. The inscription in English reads: "Gift made by H.I.M. the Sultan Abdul-Hamid II to the honorable A.S. Hewitt[,] member of the House of Representatives in Washington[,] A.H. 1302 - 1884 A.D." The inscription in French reads: "Don fait par S.M.I le Sultan Abdul-Hamid II. a l'honorable M.A.S. Hewitt[,] membre de la Chambre des Representants a Washington[,] A.H. 1032 - 1884 A.D."$5NNU
=500  \\$aSpecCol. c. 1 was a gift of Abram Hewitt to the University of the City of New York. Accession number 8089L$5NNU
=650  \0$aMilitary law$zTurkey$y19th century.
=700  1\$aHewitt, Abram S.$q(Abram Stevens),$d1822-1903,$edonor.$5NNU
=700  0\$aAbdülhamid$bII,$cSultan of the Turks,$d1842-1918.$5NNU
=880  00$6245-01/$aپیاده داخلیه قانوننامهٔ همایونی.
=852  0\$aNNU$bBFALE$cFALES$hKKX3738$i.P59 1883$mNon-circulating$t1
=994  \\$aZ0$bZYU

