=LDR  02429nam a2200349 i 4500
=001  004261294
=004  004261294
=005  20160309154122.0
=008  160309s1883\\\\tu\\\\\\\b\\\\000\0\ota\d
=040  \\$aNNU$beng$erda$cNNU
=043  \\$aa-tu---
=050  \4$aPJ6131$b.M85 1883
=245  00$6880-01$aMülah̲h̲aṣ-ı ṣarf-ı ʻArabî.
=250  \\$6880-02$aDefʻe-yi h̲âmise olarak.
=264  \1$6880-03$aİstanbul :$bMektep-i Fünûn-i Ḥarbiye-yi Şâhâne Maṭabaʻası,$c1301 [1883 or 1884]
=300  \\$a141 pages ;$c19 cm.
=336  \\$atext$2rdacontent
=337  \\$aunmediated$2rdamedia
=338  \\$avolume$2rdacarrier
=500  \\$aLithograph.
=500  \\$aText in Ottoman Turkish and Arabic.
=500  \\$aSpecCol. c. 1 is bound in red leather, has watered silk endpaper and gilded edges. On front cover there are dedicatory inscriptions in Gold Ottoman Turkish and the sultanic seal (tuğra). The inscription in Ottoman Turkish reads: "el-sulṭân ibn el-sulṭân el-sulṭân al-ġâzî 'Abdülḥamîd H̲ân ḥażretlerının ṭaraf-i eşref mulûkânelerinden Vashington'da meclis-i mebʻûs̲an aʻżâʾından musyu Huvit ḥażretlerine ihdâ ettirilmiştir." On the back cover there are dedicatory inscriptions in English and French in gold and the symbol of the Ottoman state. The inscription in English reads: "Gift made by H.I.M. the Sultan Abdul-Hamid II to the honorable A.S. Hewitt[,] member of the House of Representatives in Washington[,] A.H. 1302 - 1884 A.D." The inscription in French reads: "Don fait par S.M.I le Sultan Abdul-Hamid II. a l'honorable M.A.S. Hewitt[,] membre de la Chambre des Representants a Washington[,] A.H. 1032 - 1884 A.D."$5NNU
=500  \\$aSpecCol. c. 1 was a gift of Abram Hewitt to the University of the City of New York. Accession number 7906L$5NNU
=650  \0$aArabic language$xGrammar.
=650  \0$aArabic language$zTurkey$y19th century.
=650  \0$aArabic language$zTurkey$xTextbooks$y19th century.
=700  1\$aHewitt, Abram S.$q(Abram Stevens),$d1822-1903,$edonor.$5NNU
=700  0\$aAbdülhamid$bII,$cSultan of the Turks,$d1842-1918.$5NNU
=880  00$6245-01/$aملخص صرف عربى.
=880  \\$6250-02/$aدفعه خامسه اولهرق.
=880  \1$6264-03/$aاستانبول :$aمكتب فنون حربيه شاهانه مطبعهسى,$a1301 [1883 or 1884]
=852  0\$aNNU$bBFALE$cFALES$hPJ6131$i.M85 1883$mNon-circulating$t1

