=LDR  02737cam a2200373 a 4500
=001  004265024
=003  OCoLC
=004  004265024
=005  20160323154416.0
=008  160323s1883\\\\tu\\\\\\\\\\\\000\0\araod
=035  \\$a(OCoLC)11512641
=040  \\$aWAU$beng$cWAU$dCGU$dOCLCQ$dOCLCF$dOCLCQ$dOCLCO
=050  \4$aPJ7541$b.M356 1883
=245  00$6880-01$aKitāb Majmūʻat al-maʻānī :$bhādhā al-kitāb al-badīʻ wa-al-muʼallif al-sanīʻ lam yudhkar fīh ism muʼallifih ...
=246  30$6880-02$aMajmūʻat al-maʻānī
=250  \\$6880-03$aal-Ṭabʻah 1.
=264  \1$6880-04$aQusṭantīnīyah :$bMaṭbaʻat al-Jawāʼib,$c1301 [1883 or 1884]
=300  \\$a221, 6 pages ;$c23 cm
=336  \\$atext$btxt$2rdacontent
=337  \\$aunmediated$bn$2rdamedia
=338  \\$avolume$bnc$2rdacarrier
=500  \\$aSpecCol. c. 1 is bound in red leather, has watered silk endpaper and gilded edges. On front cover there are dedicatory inscriptions in Gold Ottoman Turkish and the sultanic seal (tuğra). The inscription in Ottoman Turkish reads: "el-sulṭân ibn el-sulṭân el-sulṭân al-ġâzî 'Abdülḥamîd H̲ân ḥażretlerının ṭaraf-i eşref mulûkânelerinden Vashington'da meclis-i mebʻûs̲an aʻżâʾından musyu Huvit ḥażretlerine ihdâ ettirilmiştir." On the back cover there are dedicatory inscriptions in English and French in gold and the symbol of the Ottoman state. The inscription in English reads: "Gift made by H.I.M. the Sultan Abdul-Hamid II to the honorable A.S. Hewitt[,] member of the House of Representatives in Washington[,] A.H. 1302 - 1884 A.D." The inscription in French reads: "Don fait par S.M.I le Sultan Abdul-Hamid II. a l'honorable M.A.S. Hewitt[,] membre de la Chambre des Representants a Washington[,] A.H. 1032 - 1884 A.D."$5NNU
=500  \\$aSpecCol. c. 1 was a gift of Abram Hewitt to the University of the City of New York. Accession number 7800L$5NNU
=650  \0$aArabic poetry.
=650  \7$aArabic poetry.$2fast$0(OCoLC)fst00812533
=700  1\$aHewitt, Abram S.$q(Abram Stevens),$d1822-1903,$edonor.$5NNU
=700  0\$aAbdülhamid$bII,$cSultan of the Turks,$d1842-1918.$5NNU
=776  08$iOnline version:$tKitāb Majmūʻat al-maʻānī.$bal-Ṭabʻah 1.$dQusṭantīnīyah : Maṭbaʻat al-Jawāʼib, 1301 [1883 or 1884]$w(OCoLC)820689650
=880  00$6245-01/$aكتاب مجموعة المعاني :$bهذا الكتاب البديع والمؤلف السنبيع لم يذكر قيه اسم مؤلفه.
=880  30$6246-02/$aمجموعة المعاني.
=880  \\$6250-03/$aالطبعة 1.
=880  \1$6264-04/$aقسطنطنية :$bمطبعة الجوائب,$c1301 [1883 or 1884]
=852  0\$bBFALE$cFALES$hPJ7541$i.M356 1883$aNNU
=994  \\$aZ0$bZYU

