=LDR  02722cas a2200457 a 4500
=001  004305455
=003  OCoLC
=005  20160523160154.0
=007  ta
=008  160518d188318uutu\||\p\\\\\\\0\\\\0ota\c
=010  \\$a2010223338
=035  \\$a(OCoLC)175766621
=040  \\$aNjP$beng$cPUL$dCLU$dOCLCF$dOCLCO$dNNU
=042  \\$apcc
=043  \\$aa-tu---
=050  14$aBP1$b.M832
=066  \\$c(3
=245  00$6880-01$aMuhazarat :$bmuktatafât.
=246  1\$aMuhazarat ve muktatafât
=260  \\$aİstanbul :$bMuhazarat ve muktatafât
=300  \\$av. ;$c18 cm.
=310  \\$aSemimonthly
=362  1\$aBegan with 1. cilt, numara 1 (1 Rebiyülevvel 1300 [10 Jan. 1883]).
=500  \\$aSpecCol. c. 1 is bound in red leather, has watered silk endpaper and gilded edges. On front cover there are dedicatory inscriptions in Gold Ottoman Turkish and the sultanic seal (tuğra). The inscription in Ottoman Turkish reads: "el-sulṭân ibn el-sulṭân el-sulṭân al-ġâzî 'Abdülḥamîd H̲ân ḥażretlerının ṭaraf-i eşref mulûkânelerinden Vashington'da meclis-i mebʻûs̲an aʻżâʾından musyu Huvit ḥażretlerine ihdâ ettirilmiştir." On the back cover there are dedicatory inscriptions in English and French in gold and the symbol of the Ottoman state. The inscription in English reads: "Gift made by H.I.M. the Sultan Abdul-Hamid II to the honorable A.S. Hewitt[,] member of the House of Representatives in Washington[,] A.H. 1302 - 1884 A.D." The inscription in French reads: "Don fait par S.M.I le Sultan Abdul-Hamid II. a l'honorable M.A.S. Hewitt[,] membre de la Chambre des Representants a Washington[,] A.H. 1032 - 1884 A.D."$5NNU
=500  \\$aSpecCol. c. 1 vol. 1 was a gift of Abram Hewitt to the Library of New York University. Accession number 30467$5NNU
=546  \\$aIn Ottoman Turkish$b(Arabic script).
=588  \\$aDescription based on: 1. cilt, numara 1 (1 Rebiyülevvel 1300 [10 Jan. 1883]); title from cover.
=588  \\$aLatest issue consulted: 1. cilt, numara 13/14/15/16 (Ramazan 1300 [July 1883]).
=650  \0$aIslam$vPeriodicals.
=650  \0$aIslam$zTurkey$vPeriodicals.
=650  \7$aIslam.$2fast$0(OCoLC)fst00979776
=651  \7$aTurkey.$2fast$0(OCoLC)fst01208963
=655  \7$aPeriodicals.$2fast$0(OCoLC)fst01411641
=700  1\$aHewitt, Abram S.$q(Abram Stevens),$d1822-1903,$edonor.$5NNU
=700  0\$aAbdülhamid$bII,$cSultan of the Turks,$d1842-1918.$5NNU
=776  08$iOnline version:$tMuhazarat$w(OCoLC)656307798
=880  00$6245-01/$aمحاضرات :$bمقتطفات
=866  41$lBobst SpecCol$dBP1 .M832$e1605$j1:1-1:24, 2:1-2:2$k1883
=852  0\$aNNU$bBFALE$cFALES$hBP1$i.M832$mNon-circulating
=853  20$81$av.$bno.$wx
=994  \\$aZ0$bZYU

