=LDR  02949nam a2200397 i 4500
=001  004271400
=004  004271400
=005  20160412141852.0
=008  160412s1883\\\\tu\\\\\\\\\\\\000\0\ota\d
=040  \\$aNNU$beng$erda$cNNU
=043  \\$aa-tu---
=050  \4$aG114$b.I99 1883
=100  1\$6880-01$aʻİzzet,$eauthor.
=245  10$6880-02$aʻİlâveli mülah̲h̲as coġrâfyâ :$bDâr el-Şafaḳat al-İslâmiye tedrîs olunmak üzere cemʻiyet-i tedrîsiye-yi İslâmiye ṭarafından intih̲âp ve ḳabûl edilmiştir /$cʻİzzet Efendi.
=250  \\$6880-03$aDefʻe-yi râbiʻe.
=264  \1$6880-04$aİstanbul :$bMihrân Maṭbaʻası,$c1300 [1883]
=300  \\$a119 pages :$billustrations ;$c18 cm
=336  \\$atext$btxt$2rdacontent
=337  \\$aunmediated$bn$2rdamedia
=338  \\$avolume$bnc$2rdacarrier
=500  \\$aSpecCol. c. 1 is bound in red leather, has watered silk endpaper and gilded edges. On front cover there are dedicatory inscriptions in Gold Ottoman Turkish and the sultanic seal (tuğra). The inscription in Ottoman Turkish reads: "el-sulṭân ibn el-sulṭân el-sulṭân al-ġâzî 'Abdülḥamîd H̲ân ḥażretlerının ṭaraf-i eşref mulûkânelerinden Vashington'da meclis-i mebʻûs̲an aʻżâʾından musyu Huvit ḥażretlerine ihdâ ettirilmiştir." On the back cover there are dedicatory inscriptions in English and French in gold and the symbol of the Ottoman state. The inscription in English reads: "Gift made by H.I.M. the Sultan Abdul-Hamid II to the honorable A.S. Hewitt[,] member of the House of Representatives in Washington[,] A.H. 1302 - 1884 A.D." The inscription in French reads: "Don fait par S.M.I le Sultan Abdul-Hamid II. a l'honorable M.A.S. Hewitt[,] membre de la Chambre des Representants a Washington[,] A.H. 1032 - 1884 A.D."$5NNU
=500  \\$aSpecCol. c. 1 was a gift of Abram Hewitt to the University of the City of New York. Accession number 7858L$5NNU
=500  \\$aSpecCol. c. 1: title page is stamped by Ḳarabet Maṭbaʻası.$5NNU
=510  4\$aÖzege, M.S. Eski harflerle,$c14763
=650  \0$aGeography$zTurkey$y19th century.
=700  1\$aHewitt, Abram S.$q(Abram Stevens),$d1822-1903,$edonor.$5NNU
=700  0\$aAbdülhamid$bII,$cSultan of the Turks,$d1842-1918.$5NNU
=710  2\$6880-05$aMihrân Maṭbaʻası.
=710  2\$6880-06$aḲarabet Maṭbaʻası.
=880  1\$6100-01/$aعزت.
=880  10$6245-02/$aعلاوهلى ملخص جغرافيا :$bدار الشفقة الاسلاميهده تدريس اولنمق اوزره جمعيت تدريسيهٔ اسلاميه طرفندن انتخاب وقبول اولنمشدر \$cعزت افندى.
=880  \\$6250-03/$aدفعهٔ رابعه.
=880  \1$6264-04/$aاستانبول :$bمهران مطبعهسى,$c1300 [1883]
=880  2\$6710-05/$aمهران مطبعهسى.
=880  2\$6710-06/$aقرهبت مطبعهسى.
=852  0\$aNNU$bBFALE$cFALEF$hG114$i.I99 1883$mNon-circulating$t1

