=LDR  02794nam a2200361 i 4500
=001  004273138
=004  004273138
=005  20160413141724.0
=008  160413s1883\\\\tu\df\\\\\\\\\000\0\ota\d
=040  \\$aNNU$beng$erda$cNNU
=043  \\$aa-tu---
=050  \4$aUG470$b.H8 1883
=100  0\$6880-01$aKavalalı İbrahim Paşazade Hüseyin Hüsnü,$eauthor.
=245  10$6880-02$aUṣûl-i tah̲ṭîṭ-i arâżî-i ʻaskeri :$bnaẓarî ve ʻamelî /$ces̲er-i Erkân-i Ḥarbiye Mîralayı Ḥüseyin Ḥüsnü.
=250  \\$6880-03$aṬabʻ-ı s̲ânî.
=264  \1$6880-04$aİstanbul :$bMektep-i Fünûn-i Ḥarbiye-yi Ḥażret Şâhâne Maṭbaʻası,$c1300 [1883]
=300  \\$a489 pages ;$btables, folded plates ;$c22 cm.
=336  \\$atext$2rdacontent
=337  \\$aunmediated$2rdamedia
=338  \\$avolume$2rdacarrier
=500  \\$aSpecCol. c. 1 is bound in red leather, has watered silk endpaper and gilded edges. On front cover there are dedicatory inscriptions in Gold Ottoman Turkish and the sultanic seal (tuğra). The inscription in Ottoman Turkish reads: "el-sulṭân ibn el-sulṭân el-sulṭân al-ġâzî 'Abdülḥamîd H̲ân ḥażretlerının ṭaraf-i eşref mulûkânelerinden Vashington'da meclis-i mebʻûs̲an aʻżâʾından musyu Huvit ḥażretlerine ihdâ ettirilmiştir." On the back cover there are dedicatory inscriptions in English and French in gold and the symbol of the Ottoman state. The inscription in English reads: "Gift made by H.I.M. the Sultan Abdul-Hamid II to the honorable A.S. Hewitt[,] member of the House of Representatives in Washington[,] A.H. 1302 - 1884 A.D." The inscription in French reads: "Don fait par S.M.I le Sultan Abdul-Hamid II. a l'honorable M.A.S. Hewitt[,] membre de la Chambre des Representants a Washington[,] A.H. 1032 - 1884 A.D."$5NNU
=500  \\$aSpecCol. c. 1 was a gift of Abram Hewitt to the University of the City of New York. Accession number 7793L$5NNU
=650  \0$aTopography$zTurkey$y19th century.
=650  \0$aTopograhpy$y19th century.
=700  1\$aHewitt, Abram S.$q(Abram Stevens),$d1822-1903,$edonor.$5NNU
=700  0\$aAbdülhamid$bII,$cSultan of the Turks,$d1842-1918.$5NNU
=710  2\$6880-05$aMektep-i Fünûn-i Ḥarbiye-yi Ḥażret Şâhâne Maṭbaʻası,$eauthor.
=880  0\$6100-01/$aحسين حسنى.
=880  10$6245-02/$aاصول تخطيط اراضى عسكرى :$bنظرى وعملى \$cاثر اركان حربيه ميرالاى حسين حسنى.
=880  \\$6250-03/$aطبع ثانى.
=880  \1$6264-04/$aاستانبول :$bمكتب فنون حربيه حضرت شاهانه مطبعهسى,$c1300 [1883]
=880  2\$6710-05/$aمكتب فنون حربيه حضرت شاهانه مطبعهسى.
=852  0\$aNNU$bBFALE$cFALES$hUG470$i.H8 1883$mNon-circulating$t1

