=LDR  02343nam a2200325 i 4500
=001  004234271
=004  004234271
=005  20161101123912.0
=008  160210s1883\\\\tu\\\\\\\\\\\\000\0\ota\d
=040  \\$aNNU$beng$erda$cNNU
=043  \\$aa-tu---
=050  \4$aUD385.T9$bK46 1874
=100  1\$6880-01$aKemâl, Aḥmet,$eauthor.
=245  10$6880-02$aḲavânîn-i esliha-yi ḥafîfe.
=264  \1$6880-03$aIstanbul :$bMektep-i Fünûn-i Ḥarbiye-yi Şâhâne Maṭbaʻası,$c1290 [1874]
=300  \\$a256 pages :$bfolded plates ;$c17 cm.
=336  \\$atext$2rdacontent
=337  \\$aunmediated$2rdamedia
=338  \\$avolume$2rdacarrier
=500  \\$aSpecCol. c. 1 is bound in red leather, has watered silk endpaper and gilded edges. On front cover there are dedicatory inscriptions in Gold Ottoman Turkish and the sultanic seal (tuğra). The inscription in Ottoman Turkish reads: "el-sulṭân ibn el-sulṭân el-sulṭân al-ġâzî 'Abdülḥamîd Ḫân ḥażretlerının ṭaraf-i eşref mulûkânelerinden Vashington'da meclis-i mebʻûs̲an aʻżâʾından musyu Huvit ḥażretlerine ihdâ ettirilmiştir." On the back cover there are dedicatory inscriptions in English and French in gold and the symbol of the Ottoman state. The inscription in English reads: "Gift made by H.I.M. the Sultan Abdul-Hamid II to the honorable A.S. Hewitt[,] member of the House of Representatives in Washington[,] A.H. 1302 - 1884 A.D." The inscription in French reads: "Don fait par S.M.I le Sultan Abdul-Hamid II. a l'honorable M.A.S. Hewitt[,] membre de la Chambre des Representants a Washington[,] A.H. 1032 - 1884 A.D."$5NNU
=500  \\$aSpecCol. c. 1 was a gift of Abram Hewitt to the Library of the University of the City of New York. Accession number 8092L$5NNU
=510  4\$aÖzege, M.S. Eski harflerle,$c10442
=650  \0$aFirearms.
=650  \0$aFirearms$zTurkey$y19th century.
=700  1\$aHewitt, Abram S.$q(Abram Stevens),$d1822-1903,$edonor.$5NNU
=700  0\$aAbdülhamid$bII,$cSultan of the Turks,$d1842-1918.$5NNU
=880  1\$6100-01/$aكمال, احمد.
=880  10$6245-02/$aقوانين اسلحهٔ خفيفه \$cاحمد كمال.
=880  \1$6264-03/$aاستانبول :$aمكتب فنون حربيهٔ شاهانه مطبعهسي,$a1290 [1874]
=852  0\$aNNU$bBFALE$cFALES$hUD385.T9$iK46 1874$mNon-circulating$t1

