=LDR  02559cam a22003855i 4500
=001  004260578
=003  OCoLC
=004  004260578
=005  20160307155132.0
=008  160307m18831887tu\\\\\\\\\\\\000\0\ota\d
=035  \\$a(OCoLC)234607881
=040  \\$aHLS$beng$cHLS$dOCLCO$dOCLCQ
=050  \4$aB2138.E8$bK46 1883
=100  0\$6880-01$aKemalpaşazade Sait,$d1848-1921,$ecommentator.
=245  10$6880-02$aFezail-i ahlakiye ve kemalat-i ilmiye /$ceser-i Said.
=264  \1$6880-03$aİstanbul :$bKarabet Matbaası,$c1299 [1883]
=300  \\$a3 volumes (86 pages) ;$c18 cm.
=336  \\$atext$btxt$2rdacontent
=337  \\$aunmediated$bn$2rdamedia
=338  \\$avolume$bnc$2rdacarrier
=500  \\$aVolume 3 was published by Mihrân Matbaası.
=500  \\$aSpecCol. c. 1 is bound in red leather, has watered silk endpaper and gilded edges. On front cover there are dedicatory inscriptions in Gold Ottoman Turkish and the sultanic seal (tuğra). The inscription in Ottoman Turkish reads: "el-sulṭân ibn el-sulṭân el-sulṭân al-ġâzî 'Abdülḥamîd H̲ân ḥażretlerının ṭaraf-i eşref mulûkânelerinden Vashington'da meclis-i mebʻûs̲an aʻżâʾından musyu Huvit ḥażretlerine ihdâ ettirilmiştir." On the back cover there are dedicatory inscriptions in English and French in gold and the symbol of the Ottoman state. The inscription in English reads: "Gift made by H.I.M. the Sultan Abdul-Hamid II to the honorable A.S. Hewitt[,] member of the House of Representatives in Washington[,] A.H. 1302 - 1884 A.D." The inscription in French reads: "Don fait par S.M.I le Sultan Abdul-Hamid II. a l'honorable M.A.S. Hewitt[,] membre de la Chambre des Representants a Washington[,] A.H. 1032 - 1884 A.D."$5NNU
=500  \\$aSpecCol. c. 1 was a gift of Abram Hewitt to the University of the City of New York. Accession number 8021L$5NNU
=510  4\$aÖzege, M.S. Eski harflerle,$c5696
=546  \\$aIn Ottoman Turkish.
=600  10$aRousseau, Jean-Jacques,$d1712-1778$xEthics.
=650  \0$aEthic.
=700  1\$aRousseau, Jean-Jacques,$d1712-1778,$eauthor.
=700  1\$aHewitt, Abram S.$q(Abram Stevens),$d1822-1903,$edonor.$5NNU
=700  0\$aAbdülhamid$bII,$cSultan of the Turks,$d1842-1918.$5NNU
=880  0\$6100-01/$aکمالپاشازاده سعيد.
=880  10$6245-02/$aفضائل اخلاقيه وكمالات علميه \$cاثر سعيد.
=880  \1$6264-03/$aاستانبول :$bقره بت مطبعهسى,$c1299 [1883]
=852  0\$aNNU$bBFALE$cFALEF$hB2138.E8$iK46 1883$mNon-circulating$t1
=994  \\$aZ0$bZYU

