=LDR  03039cam a2200469 i 4500
=001  004231298
=003  OCoLC
=004  004231298
=005  20161101123934.0
=008  160201s1883\\\\tu\\\\\\\\\\\\000\0\ota\d
=035  \\$a(OCoLC)12063061
=040  \\$aCLU$beng$erda$cCLU$dOCLCQ$dOCLCO$dOCLCF$dOCLCA$dNNU
=043  \\$af-ua---
=050  \4$aZ858.A3$bM32 1880
=100  1\$6880-01$aMansur, Mehmed,$d-1896,$eauthor.
=245  10$6880-02$aMeşhûr Iskenderiye kütüphânesine dâir risâle /$cMeḥmed Manṣûr.
=264  \1$6880-03$aIstanbul :$bCerîde-i 'Askeriye Maṭbaʻası,$c1300 [1883]
=300  \\$a184 pages ;$c19 cm.
=336  \\$atext$btxt$2rdacontent
=336  \\$atext$btxt$2rdacontent
=337  \\$aunmediated$bn$2rdamedia
=337  \\$aunmediated$bn$2rdamedia
=338  \\$avolume$bnc$2rdacarrier
=338  \\$avolume$bnc$2rdacarrier
=500  \\$aCover title.
=500  \\$aSpecCol. c. 1 is bound in red leather, has watered silk endpaper and gilded edges. On front cover there are dedicatory inscriptions in Gold Ottoman Turkish and the sultanic seal (tuğra). The inscription in Ottoman Turkish reads: "el-sulṭân ibn el-sulṭân el-sulṭân al-ġâzî 'Abdülḥamîd Ḫân ḥażretlerının ṭaraf-i eşref mulûkânelerinden Vashington'da meclis-i mebʻûs̲an aʻżâʾından musyu Huvit ḥażretlerine ihdâ ettirilmiştir." On the back cover there are dedicatory inscriptions in English and French in gold and the symbol of the Ottoman state. The inscription in English reads: "Gift made by H.I.M. the Sultan Abdul-Hamid II to the honorable A.S. Hewitt[,] member of the House of Representatives in Washington[,] A.H. 1302 - 1884 A.D." The inscription in French reads: "Don fait par S.M.I le Sultan Abdul-Hamid II. a l'honorable M.A.S. Hewitt[,] membre de la Chambre des Representants a Washington[,] A.H. 1032 - 1884 A.D."$5NNU
=500  \\$aSpecCol. c. 1 vol. 1 has a gift of Abram Hewitt to the Library of New York Library. Accession number 30486.$5NNU
=510  4\$aÖzege, M.S. Eski harflerle,$c9351
=651  \0$aAlexandria (Egypt)$xLibraries and museums.
=650  \0$aLibraries$zEgypt.
=650  \7$aLibraries.$2fast$0(OCoLC)fst00997341
=650  \7$aLibraries and museums.$2fast$0(OCoLC)fst00997541
=651  \7$aEgypt.$2fast$0(OCoLC)fst01208755
=651  \7$aEgypt$zAlexandria.$2fast$0(OCoLC)fst01208911
=776  08$iOnline version:$aMansur, Mehmed, -1896.$tMeşhur Iskenderiye kütüphanesine dair risale.$dIstanbul : Ceride-i Askeriye Matbassı, 1300 [1883]$w(OCoLC)656565477
=700  1\$aHewitt, Abram S.$q(Abram Stevens),$d1822-1903,$edonor.$5NNU
=700  0\$aAbdülhamid$bII,$cSultan of the Turks,$d1842-1918.$5NNU
=880  1\$6100-01/$aمنصور, محمد.
=880  10$6245-02/$aمشهور اسكندريه كتبخانهسنه دائر رساله \$cمحمد منصور.
=880  \1$6264-03/$aاستانبول :$bجريده عسكريه مطبعهسى,$c1300 [1883]
=852  0\$aNNU$bBFALE$cFALEF$hZ858.A3$iM32 1880$mNon-circulating$t1
=994  \\$aZ0$bZYU

