=LDR  02365nam a2200337 i 4500
=001  004237500
=004  004237500
=005  20161101124003.0
=008  160222s1883\\\\tu\\\\\\\\\\\\000\0\ota\d
=040  \\$aNNU$beng$erda$cNNU
=043  \\$aa-cc---
=050  \4$aDS26$b.M44 1883
=100  0\$6880-01$aMehmet Âtıf,$eauthor.
=245  10$6880-02$aKâşġâr tarîḫi ve bâis̲-i ḥayret aḥvâl-i gȧrîbesi /$ces̲er-i Meḥmed ʻÂṭıf.
=264  \1$6880-03$aİstanbul :$bMihrân Maṭbaʻası.$c1300 [1883]
=300  \\$a464 pages ;$c22 cm.
=336  \\$atext$2rdacontent
=337  \\$aunmediated$2rdamedia
=338  \\$avolume$2rdacarrier
=500  \\$aSpecCol. c. 1 is bound in red leather, has watered silk endpaper and gilded edges. On front cover there are dedicatory inscriptions in Gold Ottoman Turkish and the sultanic seal (tuğra). The inscription in Ottoman Turkish reads: "el-sulṭân ibn el-sulṭân el-sulṭân al-ġâzî 'Abdülḥamîd Ḫân ḥażretlerının ṭaraf-i eşref mulûkânelerinden Vashington'da meclis-i mebʻûs̲an aʻżâʾından musyu Huvit ḥażretlerine ihdâ ettirilmiştir." On the back cover there are dedicatory inscriptions in English and French in gold and the symbol of the Ottoman state. The inscription in English reads: "Gift made by H.I.M. the Sultan Abdul-Hamid II to the honorable A.S. Hewitt[,] member of the House of Representatives in Washington[,] A.H. 1302 - 1884 A.D." The inscription in French reads: "Don fait par S.M.I le Sultan Abdul-Hamid II. a l'honorable M.A.S. Hewitt[,] membre de la Chambre des Representants a Washington[,] A.H. 1032 - 1884 A.D."$5NNU
=500  \\$aSpecCol. c. 1 was a gift of Abram Hewitt to the library of New York University. Accession number 30425$5NNU
=510  4\$aÖzege, M.S. Eski harflerle,$c10356
=651  \0$aKashi (China)$xHistory.
=651  \0$aKashi (China)
=650  \0$aTurkic peoples.
=700  1\$aHewitt, Abram S.$q(Abram Stevens),$d1822-1903,$edonor.$5NNU
=700  0\$aAbdülhamid$bII,$cSultan of the Turks,$d1842-1918.$5NNU
=880  1\$6100-01/$aمحمد عاطف.
=880  10$6245-02/$aكاشغار تاريخى وباعث حيرت احوال غريبهسى \$cاثر محمد عاطف.
=880  \1$6264-03/$aاستانبول :$aمهران مطبعهسى,$a1300 [1883]
=852  0\$aNNU$bBFALE$cFALES$hDS26$i.M44 1883$mNon-circulating$t1

