=LDR  02692cam a2200373 i 4500
=001  004235539
=003  OCoLC
=004  004235539
=005  20161101124021.0
=008  160216s1883\\\\tu\\\\\\\\\\\\000\0\ota\d
=035  \\$a(OCoLC)777045249
=040  \\$aPUL$beng$erda$cPUL$dOCLCF$dOCLCO$dOCLCQ$dNNU
=050  \4$aPJ7755.B8$bB7839 1883
=100  0\$6880-01$aMehmet Mekkı̂,$d1714-1797,$eauthor.
=245  10$6880-02$aTevessül :$bşerh-i kaside-yi Bürde.
=264  \1$6880-03$aİstanbul :$bEsat Efendiʼnin Matbaası,$c1300 [1883]
=300  \\$a456 pages ;$c24 cm
=336  \\$atext$btxt$2rdacontent
=337  \\$aunmediated$bn$2rdamedia
=338  \\$avolume$bnc$2rdacarrier
=500  \\$aSpecCol. c. 1 is bound in red leather, has watered silk endpaper and gilded edges. On front cover there are dedicatory inscriptions in Gold Ottoman Turkish and the sultanic seal (tuğra). The inscription in Ottoman Turkish reads: "el-sulṭân ibn el-sulṭân el-sulṭân al-ġâzî 'Abdülḥamîd Ḫân ḥażretlerının ṭaraf-i eşref mulûkânelerinden Vashington'da meclis-i mebʻûs̲an aʻżâʾından musyu Huvit ḥażretlerine ihdâ ettirilmiştir." On the back cover there are dedicatory inscriptions in English and French in gold and the symbol of the Ottoman state. The inscription in English reads: "Gift made by H.I.M. the Sultan Abdul-Hamid II to the honorable A.S. Hewitt[,] member of the House of Representatives in Washington[,] A.H. 1302 - 1884 A.D." The inscription in French reads: "Don fait par S.M.I le Sultan Abdul-Hamid II. a l'honorable M.A.S. Hewitt[,] membre de la Chambre des Representants a Washington[,] A.H. 1032 - 1884 A.D."$5NNU
=500  \\$aSpecCol. c. 1 was a gift of Abram Hewitt to the University of the City of New York. Accession number 8001L$5NNU
=510  4\$aÖzege, M.S. Eski harflerle,$c20916
=600  10$aBūṣīrī, Sharaf al-Dīn Muḥammad ibn Saʻīd,$d1213?-1296?$tBurdah.
=630  07$aBurdah (Būṣīrī, Sharaf al-Dīn Muḥammad ibn Saʻīd)$2fast$0(OCoLC)fst01362420
=776  08$iOnline version:$aMehmet Mekki, 1714-1797.$tTevessül.$dİstanbul : Esat Efendiʼnin Matbaası, 1300 [1883]$w(OCoLC)780151261
=700  1\$aHewitt, Abram S.$q(Abram Stevens),$d1822-1903,$edonor.$5NNU
=700  0\$aAbdülhamid$bII,$cSultan of the Turks,$d1842-1918.$5NNU
=880  0\$6100-01/$aمحمد مكى,$d1714-1797.
=880  10$6245-02/$aتوسل :$bشرح قصيده برده,
=880  \1$6264-03/$aاستانبول :$aاسعد افندى مطبعهسى,$a1300 [1883]
=830  \0$aPrinceton University Arabic collection ;$vcn. 9100794.02.
=852  0\$aNNU$bBFALE$cFALEF$hPJ7755.B8$iB7839 1883$mNon-circulating$t1
=994  \\$aZ0$bZYU

