=LDR  02648nam a2200397 i 4500
=001  004236429
=004  004236429
=005  20161101124052.0
=007  ta
=008  160218s1883\\\\tu\\\\\\\d\\\\000\0\ota\d
=040  \\$aNNU$beng$erda$cNNU
=050  \4$aPC2645.T9$bS75 1883
=100  0\$6880-01$aMehmet Şükrü,$eauthor.
=245  10$6880-02$aDictionnaire Français-Turc = Ġunyet ül-luġât /$cMeḥmet Şükrü ve Miḳâil Aşcıyân.
=264  \1$6880-03$aİstanbul :$bÂrâmyân Maṭbaʻası,$c1300/1883
=300  \\$a2 volumes ;$c16 cm
=336  \\$atext$2rdacontent
=337  \\$aunmediated$2rdamedia
=338  \\$avolume$2rdacarrier
=500  \\$aFrench-Ottoman dictionary.
=500  \\$aSpecCol. c. 1 is bound in red leather, has watered silk endpaper and gilded edges. On front cover there are dedicatory inscriptions in Gold Ottoman Turkish and the sultanic seal (tuğra). The inscription in Ottoman Turkish reads: "el-sulṭân ibn el-sulṭân el-sulṭân al-ġâzî 'Abdülḥamîd Ḫân ḥażretlerının ṭaraf-i eşref mulûkânelerinden Vashington'da meclis-i mebʻûs̲an aʻżâʾından musyu Huvit ḥażretlerine ihdâ ettirilmiştir." On the back cover there are dedicatory inscriptions in English and French in gold and the symbol of the Ottoman state. The inscription in English reads: "Gift made by H.I.M. the Sultan Abdul-Hamid II to the honorable A.S. Hewitt[,] member of the House of Representatives in Washington[,] A.H. 1302 - 1884 A.D." The inscription in French reads: "Don fait par S.M.I le Sultan Abdul-Hamid II. a l'honorable M.A.S. Hewitt[,] membre de la Chambre des Representants a Washington[,] A.H. 1032 - 1884 A.D."$5NNU
=500  \\$aSpecCol. c. 1 vol. 1 was a gift of Abram Hewitt to the University of the City of New York. Accession number 8073L$5NNU
=500  \\$aSpecCol. c. 1 vol. 2 was a gift of Abram Hewitt to the University of the City of New York. Accession number 7941L$5NNU
=510  4\$aÖzege, M.S. Eski harflerle,$c6336
=650  \0$aFrench language$vDictionaries$xTurkish.
=700  1\$6880-04$aAşçıyan, Mikail,$eauthor.
=700  1\$aHewitt, Abram S.$q(Abram Stevens),$d1822-1903,$edonor.$5NNU
=700  0\$aAbdülhamid$bII,$cSultan of the Turks,$d1842-1918.$5NNU
=880  0\$6100-01/$aمحمد شكرى.
=880  10$6245-02/$aغنية اللغات = Dictonnaire Français-Turc /.$cمحمد شكرى وميقائل اشجيان.
=880  1\$6700-04/$a.اشجيان, ميقائل
=852  0\$aNNU$bBFALE$cFALES$hPC2645.T9$iS75 1883$mNon-circulating
=853  20$81$av.
=863  \\$81.1$a1
=863  \\$81.2$a2
=852  0\$bBFALE$cFALES$hPC2645.T9$iS75 1883$aNNU

