=LDR  03478cam a2200481 a 4500
=001  002773040
=003  OCoLC
=004  NYUb10475578
=005  20160421135016.0
=008  911204s1883\\\\ae\\\\\\\\\\\\000\0\arard
=010  \\$a   75214152 
=010  \\$a75214152
=035  \\$a(OCoLC)24889182
=035  9\$aNYUH10475578/11071547
=040  \\$aWAU$beng$erda$cWAU$dIUL$dOCLCQ$dOCLCA$dOCLCF$dOCLCQ$dNNU
=050  \4$aPN6519.A7$bM84 1883
=100  0\$6880-01$aMufaḍḍal ibn Muḥammad al-Ḍabbī,$dactive 8th century,$eauthor.
=245  10$6880-02$aAmthāl al-ʻArab /$clil-Mufaḍḍal al-Ḍabbī. Wa-yalīhā Asrār al-ḥukamāʼ min qabīl al-naṣīḥah wa-al-taṣawwuf li-Yāqūt al-Mustaʻṣimī bi-khaṭṭih.
=250  \\$6880-03$aal-Ṭabʻah 1.
=264  \1$6880-04$aQisṭanṭīnīyah :$bMaṭbaʻat al-Jawāʼib,$c1300 [1882 or 1883]
=300  \\$a165 pages ;$c24 cm
=336  \\$atext$btxt$2rdacontent
=337  \\$aunmediated$bn$2rdamedia
=338  \\$avolume$bnc$2rdacarrier
=500  \\$aSpecCol. c. 1 is bound in red leather, has watered silk endpaper and gilded edges. On front cover there are dedicatory inscriptions in Gold Ottoman Turkish and the sultanic seal (tuğra). The inscription in Ottoman Turkish reads: "el-sulṭân ibn el-sulṭân el-sulṭân al-ġâzî 'Abdülḥamîd H̲ân ḥażretlerının ṭaraf-i eşref mulûkânelerinden Vashington'da meclis-i mebʻûs̲an aʻżâʾından musyu Huvit ḥażretlerine ihdâ ettirilmiştir." On the back cover there are dedicatory inscriptions in English and French in gold and the symbol of the Ottoman state. The inscription in English reads: "Gift made by H.I.M. the Sultan Abdul-Hamid II to the honorable A.S. Hewitt[,] member of the House of Representatives in Washington[,] A.H. 1302 - 1884 A.D." The inscription in French reads: "Don fait par S.M.I le Sultan Abdul-Hamid II. a l'honorable M.A.S. Hewitt[,] membre de la Chambre des Representants a Washington[,] A.H. 1032 - 1884 A.D."$5NNU
=500  \\$aSpecCol. c. 1 was a gift of Abram Hewitt to the Library of the University of the City of New York. Accession number 7984L$5NNU
=650  \0$aProverbs, Arabic.
=650  \7$aProverbs, Arabic.$2fast$0(OCoLC)fst01080229
=700  1\$aHewitt, Abram S.$q(Abram Stevens),$d1822-1903,$edonor.$5NNU
=700  0\$aAbdülhamid$bII,$cSultan of the Turks,$d1842-1918.$5NNU
=710  2\$6880-05$aMaṭbaʻat al-Jawāʼib,$epublisher.
=700  02$6880-05$aYāqūt al-Mustaʻṣimī,$d-1299?$tAsrār al-ḥukamāʼ.
=740  02$6880-06$aAsrār al-ḥukamāʼ.
=776  08$iOnline version:$aMufaḍḍal ibn Muḥammad al-Ḍabbī, 8th cent.$tAmthāl al-ʻArab.$bal-Ṭabʻah 1.$dQisṭanṭīnīyah : Maṭbaʻat al-Jawāʼib, 1300 [1883]$w(OCoLC)760801518
=880  0\$6100-01/$aمفضل بن محمد الضبي،$dactive 8th century.
=880  10$6245-02/$aأمثال العرب /$cللمفضل الضبي. ويليها أسرار الحكماء من قبيل النصيحة والتصوف / لياقوت المستعصمي.
=880  \\$6250-03/$aالطبعة ١.
=880  \1$6264-04/$aقسطنطينية :$bمطبعة الجوائب،$c1300 [1882 or 1883]
=880  2\$6710-05/$aمطبعة الجوائب.
=880  02$6700-05/$aياقوت المستعصمي.$tأسرار الحكماء.
=880  02$6740-06/$aاسرار الحكماء.
=852  0\$aNNU$bBOBST$cMAIN$hPN6519.A7$iM75 1883
=852  0\$aNNU$bBFALE$cFALES$hPN6519.A7$iM84 1883$mNon-circulating$t1

