=LDR  02429cam a22003375i 4500
=001  004265034
=003  OCoLC
=004  004265034
=005  20160722101418.0
=008  160323s1883\\\\tu\\\\\\\\\\\\000\0\ara\d
=035  \\$a(OCoLC)223158895
=040  \\$aOTU$beng$erda$cUTO$dOCLCG$dOCLCQ$dOCLCF$dOCLCO$dOCLCQ
=050  \4$aHQ1170$b.M845 1883
=100  0\$6880-01$aMuḥammad Ṣiddīq Ḥasan,$cNawab of Bhopal,$d1832-1890,$eauthor.
=245  10$6880-02$aḤusn al-uswah bi-mā thabat min Allāh wa-rasūlih fī al-niswah.
=264  \1$6880-03$aQusṭanṭinīyah :$bMaṭba'at al-Jawā'ib,$c1301 [1883 or 1884]
=300  \\$a30,423 pages
=336  \\$atext$btxt$2rdacontent
=337  \\$aunmediated$bn$2rdamedia
=338  \\$avolume$bnc$2rdacarrier
=500  \\$aSpecCol. c. 1 is bound in red leather, has watered silk endpaper and gilded edges. On front cover there are dedicatory inscriptions in Gold Ottoman Turkish and the sultanic seal (tuğra). The inscription in Ottoman Turkish reads: "el-sulṭân ibn el-sulṭân el-sulṭân al-ġâzî 'Abdülḥamîd H̲ân ḥażretlerının ṭaraf-i eşref mulûkânelerinden Vashington'da meclis-i mebʻûs̲an aʻżâʾından musyu Huvit ḥażretlerine ihdâ ettirilmiştir." On the back cover there are dedicatory inscriptions in English and French in gold and the symbol of the Ottoman state. The inscription in English reads: "Gift made by H.I.M. the Sultan Abdul-Hamid II to the honorable A.S. Hewitt[,] member of the House of Representatives in Washington[,] A.H. 1302 - 1884 A.D." The inscription in French reads: "Don fait par S.M.I le Sultan Abdul-Hamid II. a l'honorable M.A.S. Hewitt[,] membre de la Chambre des Representants a Washington[,] A.H. 1032 - 1884 A.D."$5NNU
=500  \\$aSpecCol. c. 1 was a gift of Abram Hewitt to the University of the City of New York. Accession number 7987L$5NNU
=650  \0$aWomen in Islam.
=650  \7$aWomen in Islam.$2fast$0(OCoLC)fst01177797
=700  1\$aHewitt, Abram S.$q(Abram Stevens),$d1822-1903,$edonor.$5NNU
=700  0\$aAbdülhamid$bII,$cSultan of the Turks,$d1842-1918.$5NNU
=880  0\$6100-01/$aمحمد صديق حسن.
=880  10$6245-02/$aحسن الاسوة بما ثبث من الله ورسوله في النسوة.
=880  \1$6264-03/$aقسطنطنية :$aمطبعة الجوائب,$a1301 [1883 or 1884]
=852  0\$aNNU$bBFALE$cFALES$hBP173.4$iM843 1883$mNon-circulating$t1
=994  \\$aZ0$bZYU

