=LDR  02741cam a2200397 i 4500
=001  004237375
=003  OCoLC
=004  004237375
=005  20161101124133.0
=008  160222s1883\\\\tu\\\\\\\\\\\\000\0\ota\d
=035  \\$a(OCoLC)81805026
=040  \\$aNjP$beng$erda$cPUL$dOCLCG$dOCLCF$dOCLCO$dOCLCQ$dNNU
=041  1\$afre$hota
=050  \4$aPC2121$b.P7 1883
=100  1\$aPoitevin, Prosper,$d1805-1884,$eauthor.
=245  10$aCours théorique et pratique de langue Francaise /$cpar P. Poitevin ; traduit par M. Réfik.
=246  15$aNazarı̂ ve amelı̂ nev usûl nahv-i Fransavı̂
=264  \1$aConstantinople :$bImprimerie Mihran,$c1883.
=300  \\$a202, 202 pages ;$c19 cm
=336  \\$atext$btxt$2rdacontent
=337  \\$aunmediated$bn$2rdamedia
=338  \\$avolume$bnc$2rdacarrier
=500  \\$aSpecCol. c. 1 is bound in red leather, has watered silk endpaper and gilded edges. On front cover there are dedicatory inscriptions in Gold Ottoman Turkish and the sultanic seal (tuğra). The inscription in Ottoman Turkish reads: "el-sulṭân ibn el-sulṭân el-sulṭân al-ġâzî 'Abdülḥamîd Ḫân ḥażretlerının ṭaraf-i eşref mulûkânelerinden Vashington'da meclis-i mebʻûs̲an aʻżâʾından musyu Huvit ḥażretlerine ihdâ ettirilmiştir." On the back cover there are dedicatory inscriptions in English and French in gold and the symbol of the Ottoman state. The inscription in English reads: "Gift made by H.I.M. the Sultan Abdul-Hamid II to the honorable A.S. Hewitt[,] member of the House of Representatives in Washington[,] A.H. 1302 - 1884 A.D." The inscription in French reads: "Don fait par S.M.I le Sultan Abdul-Hamid II. a l'honorable M.A.S. Hewitt[,] membre de la Chambre des Representants a Washington[,] A.H. 1032 - 1884 A.D."$5NNU
=500  \\$aSpecCol. c. 1 was a gift of Abram Hewitt to the University of the City of New York. Accession number 7943L$5NNU
=510  4\$aÖzege, M.S. Eski harflerle,$c15223
=546  \\$aIn French and Ottoman Turkish in opposite pages.
=650  \0$aFrench language$vConversation and phrase books$xTurkish.
=650  \0$aFrench language$xGrammar.
=650  \7$aFrench language.$2fast$0(OCoLC)fst00934333
=650  \7$aFrench language$xGrammar.$2fast$0(OCoLC)fst00934446
=655  \7$aConversation and phrase books.$2fast$0(OCoLC)fst01423775
=776  08$iOnline version:$aPoitevin, Prosper, 1805-1884.$tCours théorique et pratique de langue Francaise.$dConstantinople : Imprimerie Mihran, 1883$w(OCoLC)656452576
=700  1\$aHewitt, Abram S.$q(Abram Stevens),$d1822-1903,$edonor.$5NNU
=700  0\$aAbdülhamid$bII,$cSultan of the Turks,$d1842-1918.$5NNU
=852  0\$aNNU$bBFALE$cFALES$hPC2121$i.P7 1883$mNon-circulating$t1
=994  \\$aZ0$bZYU

