=LDR  02425nam a2200361 i 4500
=001  004240502
=004  004240502
=005  20161101124154.0
=008  160226s1883\\\\tu\\\\\\\\\\\\000\f\ota\d
=040  \\$aNNU$beng$erda$cNNU
=043  \\$aa-tu---
=050  \4$aPQ2387.R37$bF5519 1883
=100  1\$aRichebourg, Emile,$d1833-1898,$eauthor.
=240  13$aLa Fille maudite.$lOttoman Turkish.
=245  10$6880-01$aMerdûd kız /$cmüellifi Emîl Rişeb̂urġ; mütercimi Aḥmet Mitḥat.
=250  \\$6880-02$aİlk defʻe olarak.
=264  \1$aİstanbul :$b[s.n.],$c1300 [1883 or 1884]
=300  \\$a618 pages ;$c24 cm.
=336  \\$atext$2rdacontent
=337  \\$aunmediated$2rdamedia
=338  \\$avolume$2rdacarrier
=500  \\$aNovel.
=500  \\$aSpecCol. c. 1 is bound in red leather, has watered silk endpaper and gilded edges. On front cover there are dedicatory inscriptions in Gold Ottoman Turkish and the sultanic seal (tuğra). The inscription in Ottoman Turkish reads: "el-sulṭân ibn el-sulṭân el-sulṭân al-ġâzî 'Abdülḥamîd Ḫân ḥażretlerının ṭaraf-i eşref mulûkânelerinden Vashington'da meclis-i mebʻûs̲an aʻżâʾından musyu Huvit ḥażretlerine ihdâ ettirilmiştir." On the back cover there are dedicatory inscriptions in English and French in gold and the symbol of the Ottoman state. The inscription in English reads: "Gift made by H.I.M. the Sultan Abdul-Hamid II to the honorable A.S. Hewitt[,] member of the House of Representatives in Washington[,] A.H. 1302 - 1884 A.D." The inscription in French reads: "Don fait par S.M.I le Sultan Abdul-Hamid II. a l'honorable M.A.S. Hewitt[,] membre de la Chambre des Representants a Washington[,] A.H. 1032 - 1884 A.D."$5NNU
=500  \\$aSpecCol. c. 1 was a gift of Abram Hewitt to the University of the City of New York. Accession number 7979/$5NNU
=510  4\$aÖzege, M.S. Eski harflerle,$c13167
=650  \0$aFrench literature$zTurkey$y19th century.
=700  0\$aAḥmet Mitḥatو$etranslator.
=700  0\$aاحمد مدحت.
=700  1\$aHewitt, Abram S.$q(Abram Stevens),$d1822-1903,$edonor.$5NNU
=700  0\$aAbdülhamid$bII,$cSultan of the Turks,$d1842-1918.$5NNU
=880  10$6245-01/$aمردود قز \$cمؤلفى اميل ريشبورغ؛ مترجمى احمد مدحت.
=880  \\$6250-02/$aايلك دفعه اولهرق.
=852  0\$aNNU$bBFALE$cFALES$hPQ2387.R37$iF5519 1883$mNon-circulating$t1

