=LDR  02627cam a22003735a 4500
=001  004261281
=003  OCoLC
=004  004261281
=005  20160309145439.0
=008  160309s1883\\\\tu\\\\\\\\\\\\000\0\ota\d
=035  \\$a(OCoLC)49369572
=040  \\$aPUL$beng$erda$cPUL$dOCLCF$dOCLCO$dOCLCQ$dNNU
=050  \4$aPJ6106$b.R87 1883
=100  0\$6880-01$aRusçuklu Mehmet Hayri,$eauthor.
=245  10$6880-02$aTürkçe avamil-i tuhfesi /$ceser-i Rusçuklu Mehmet Hayri.
=264  \1$6880-03$aİstanbul :$bMahmut Bey Matbaası,$c1300 [1883]
=300  \\$a51 pages ;$c19 cm
=336  \\$atext$btxt$2rdacontent
=337  \\$aunmediated$bn$2rdamedia
=338  \\$avolume$bnc$2rdacarrier
=500  \\$aSpecCol. c. 1 is bound in red leather, has watered silk endpaper and gilded edges. On front cover there are dedicatory inscriptions in Gold Ottoman Turkish and the sultanic seal (tuğra). The inscription in Ottoman Turkish reads: "el-sulṭân ibn el-sulṭân el-sulṭân al-ġâzî 'Abdülḥamîd H̲ân ḥażretlerının ṭaraf-i eşref mulûkânelerinden Vashington'da meclis-i mebʻûs̲an aʻżâʾından musyu Huvit ḥażretlerine ihdâ ettirilmiştir." On the back cover there are dedicatory inscriptions in English and French in gold and the symbol of the Ottoman state. The inscription in English reads: "Gift made by H.I.M. the Sultan Abdul-Hamid II to the honorable A.S. Hewitt[,] member of the House of Representatives in Washington[,] A.H. 1302 - 1884 A.D." The inscription in French reads: "Don fait par S.M.I le Sultan Abdul-Hamid II. a l'honorable M.A.S. Hewitt[,] membre de la Chambre des Representants a Washington[,] A.H. 1032 - 1884 A.D."$5NNU
=500  \\$aSpecCol. c. 1 was a gift of Abram Hewitt to the University of the City of New York. Accession number 7897L$5NNU
=510  4\$aÖzege, M.S. Eski harflerle,$c21549
=546  \\$aTurkish in Arabic script.
=650  \0$aArabic language$xGrammar.
=650  \7$aArabic language$xGrammar.$2fast$0(OCoLC)fst00812341
=776  08$iOnline version:$aRusçuklu Mehmet Hayri.$tTürkçe avamil-i tuhfesi.$dİstanbul : Mahmut Bey Matbaası, 1300 [1883]$w(OCoLC)663292080
=700  1\$aHewitt, Abram S.$q(Abram Stevens),$d1822-1903,$edonor.$5NNU
=700  0\$aAbdülhamid$bII,$cSultan of the Turks,$d1842-1918.$5NNU
=880  0\$6100-01/$aروسچقلى محمد خيرى.
=880  10$6245-02/$aتركجه عوامل تحفهسى \$cاثر روسچقلى محمد خيرى.
=880  \1$6264-03/$aاستانبول :$aمحمود بك مطبعهسى,$a1300 [1883]
=852  0\$aNNU$bBFALE$cFALES$hPJ6106$i.R87 1883$mNon-circulating$t1
=994  \\$aZ0$bZYU

