=LDR  02955cam a2200433 a 4500
=001  004264980
=003  OCoLC
=004  004264980
=005  20160323134924.0
=008  160323s1883\\\\tu\\\\\\\\\\\\001\0\arard
=035  \\$a(OCoLC)45090913
=040  \\$aCUY$beng$erda$cCUY$dOCLCQ$dOCLCF$dOCLCO$dNNU
=050  \4$aPJ7519.L6$bS366 1883
=100  1\$6880-01$aSarrāj, Jaʻfar ibn Aḥmad,$d1027 (ca.)-1106.
=240  10$6880-02$aMaṣāriʻ al-ʻushshāq
=245  10$6880-03$aKitāb Maṣāriʻ al-ʻushshāq /$ctaʼlīf Abī Muḥammad Jaʻfar ibn Aḥmad ibn al-Ḥusayn al-Sarrāj al-Qāriʼ.
=264  \1$6880-04$aQusṭanṭīnīyah :$bMaṭbaʻat al-jawāʼib,$c1301 [1883]
=300  \\$avolumes ;$c25 cm
=336  \\$atext$btxt$2rdacontent
=337  \\$aunmediated$bn$2rdamedia
=338  \\$avolume$bnc$2rdacarrier
=500  \\$aSpecCol. c. 1 is bound in red leather, has watered silk endpaper and gilded edges. On front cover there are dedicatory inscriptions in Gold Ottoman Turkish and the sultanic seal (tuğra). The inscription in Ottoman Turkish reads: "el-sulṭân ibn el-sulṭân el-sulṭân al-ġâzî 'Abdülḥamîd H̲ân ḥażretlerının ṭaraf-i eşref mulûkânelerinden Vashington'da meclis-i mebʻûs̲an aʻżâʾından musyu Huvit ḥażretlerine ihdâ ettirilmiştir." On the back cover there are dedicatory inscriptions in English and French in gold and the symbol of the Ottoman state. The inscription in English reads: "Gift made by H.I.M. the Sultan Abdul-Hamid II to the honorable A.S. Hewitt[,] member of the House of Representatives in Washington[,] A.H. 1302 - 1884 A.D." The inscription in French reads: "Don fait par S.M.I le Sultan Abdul-Hamid II. a l'honorable M.A.S. Hewitt[,] membre de la Chambre des Representants a Washington[,] A.H. 1032 - 1884 A.D."$5NNU
=500  \\$aSpecCol. c. 1 was a gift of Abram Hewitt to the Library of New York University. Accession number 30452.$5NNU
=650  \0$aLove$vLiterary collections.
=650  \0$aLove in literature.
=650  \0$aArabic poetry$xHistory and criticism.
=650  \7$aArabic poetry.$2fast$0(OCoLC)fst00812533
=650  \7$aLove.$2fast$0(OCoLC)fst01002769
=650  \7$aLove in literature.$2fast$0(OCoLC)fst01002808
=655  \7$aCriticism, interpretation, etc.$2fast$0(OCoLC)fst01411635
=655  \7$aLiterary collections.$2fast$0(OCoLC)fst01423811
=700  1\$aHewitt, Abram S.$q(Abram Stevens),$d1822-1903,$edonor.$5NNU
=700  0\$aAbdülhamid$bII,$cSultan of the Turks,$d1842-1918.$5NNU
=880  1\$6100-01/$aسراج, جعفر ابن احمد.
=880  10$6245-02/$aمصارع العشاق
=880  10$6245-03/$aكتاب مصارع العشاق \$cتاليف ابي محمد جعفر ابن احمد ابن الحسين السراج القاري.
=880  \1$6264-04/$aقسطنطنية :$bمطبعة الجوائب,$c1301 [1883]
=852  0\$aNNU$bBFALE$cFALES$hPJ7519.L6$iS366 1883$mNon-circulating$t1
=994  \\$aZ0$bZYU

