=LDR  05623cam a2200637 i 4500
=001  004273319
=003  OCoLC
=004  004273319
=005  20160414115313.0
=008  160414s1883\\\\tu\\\\\\\\\\\\000\0\araod
=035  \\$a(OCoLC)11539334
=040  \\$aWAU$beng$erda$cWAU$dOCLCQ$dIUL$dOCLCQ$dOCLCO$dOCLCA$dOCLCQ$dLGG$dOCLCO$dNNU
=050  \4$aPJ7696.S5$bL3 1883
=066  \\$c(3
=100  0\$6880-01$aShanfará,$eauthor.
=240  10$6880-02$aLāmīyat al-ʻArab
=245  10$6880-03$aQaṣīdat lāmīyat al-ʻArab /$cal-Shanfará. Aʻjab al-ʻajab fī sharḥ Lāmīyat al-ʻArab / Muḥammad ibn ʻUmar al-Zamakhsharī. Sharḥ al-Maqṣūrah al-Duraydīyah. Dīwān / Zayn al-Dīn Abū Ḥafṣ ʻUmar ibn Muẓaffar ibn ʻUmar al-Wardī al-Shāfiʻī. Dīwān / Abū al-Ḥasan Ismāʻīl ibn Saʻd ibn Ismāʻīl al-Wahbī al-Ḥusaynī al-Shāfʻī al-Miṣrī al-maʻrūf bi-al-Khashshāb.
=246  3\$aQaṣīdah Lāmīyat al-ʻArab
=250  \\$6880-04$aal-Ṭabʻah 1.
=264  \1$6880-05$aQusṭanṭīnīyah :$bMaṭbaʻat al-Jawāʼib,$c1300 [1883]
=300  \\$a403 pages ;$c28 cm
=336  \\$atext$btxt$2rdacontent
=337  \\$aunmediated$bn$2rdamedia
=338  \\$avolume$bnc$2rdacarrier
=500  \\$aSpecCol. c. 1 is bound in red leather, has watered silk endpaper and gilded edges. On front cover there are dedicatory inscriptions in Gold Ottoman Turkish and the sultanic seal (tuğra). The inscription in Ottoman Turkish reads: "el-sulṭân ibn el-sulṭân el-sulṭân al-ġâzî 'Abdülḥamîd H̲ân ḥażretlerının ṭaraf-i eşref mulûkânelerinden Vashington'da meclis-i mebʻûs̲an aʻżâʾından musyu Huvit ḥażretlerine ihdâ ettirilmiştir." On the back cover there are dedicatory inscriptions in English and French in gold and the symbol of the Ottoman state. The inscription in English reads: "Gift made by H.I.M. the Sultan Abdul-Hamid II to the honorable A.S. Hewitt[,] member of the House of Representatives in Washington[,] A.H. 1302 - 1884 A.D." The inscription in French reads: "Don fait par S.M.I le Sultan Abdul-Hamid II. a l'honorable M.A.S. Hewitt[,] membre de la Chambre des Representants a Washington[,] A.H. 1032 - 1884 A.D."$5NNU
=505  0\$aQaṣīdat lāmīyat al-ʻArab / al-Shanfará (pages 4-7) -- Aʻjab al-ʻajab fī sharḥ Lāmīyat al-ʻArab / / Muḥammad ibn ʻUmar al-Zamakhsharī (pages 10-70) -- Sharḥ al-Maqṣūrah al-Duraydīyah / [al-Zamakhasrī] (pages 73-130) -- Dīwān / Zayn al-Dīn Abū Ḥafṣ ʻUmar ibn Muẓaffar ibn ʻUmar al-Wardī al-Shāfiʻī (pages 131-341) -- Dīwān / Abū al-Ḥasan Ismāʻīl ibn Saʻd ibn Ismāʻīl al-Wahbī al-Ḥusaynī al-Shāfʻī al-Miṣrī al-maʻrūf bi-al-Khashshāb (pages 343-403).
=600  00$6880-06$aShanfará.$tLamīyat al-ʻArab.
=600  10$6880-07$aIbn Durayd, Muḥammad ibn al-Ḥasan,$d837 or 838-933.$tMaqṣūrah.
=650  \0$aArabic poetry.
=700  1\$6880-08$aZamakhsharī, Maḥmūd ibn ʻUmar,$d1075-1144.$tAʻjab al-ʻajab fī sharḥ Lāmīyat al-ʻArab.
=700  1\$6880-09$aخشاب، اسماعيل بن سعد،,$d-1815.$tديوان.
=700  1\$6880-11$aابن الوردي، زين الدين عمر بن المظفر،,$d-1349.$tديوان.
=700  1\$6880-10$aIbn Durayd, Muḥammad ibn al-Ḥasan,$d837 or 838-933.$tMaqṣūrah.
=700  12$6880-12$aZamakhsharī, Maḥmūd ibn ʻUmar,$d1075-1144.$tSharḥ al-Maqṣūrah al-Duraydīyah.
=740  02$6880-13$aAʻjab al-ʻajab fī sharḥ Lāmiyat al-ʻArab.
=700  1\$aHewitt, Abram S.$q(Abram Stevens),$d1822-1903,$edonor.$5NNU
=700  0\$aAbdülhamid$bII,$cSultan of the Turks,$d1842-1918.$5NNU
=710  2\$6880-14$aMaṭbaʻat al-Jawāʼib,$epublisher.
=740  02$6880-15$aSharḥ al-Maqṣūrah al-Duraydīyah.
=880  0\$6100-01/$aشنفرى.
=880  10$6240-02/$aلامية العرب
=880  10$6245-03/$aقصيدة لامية العرب /$cللشنفرى. ويليها أعجب العجب في شرح لامية العرب / لمحمد بن عمر الزمخشري. ويليها أيضا شرح المقصوره الدريدية / لأبي بكر بن محمد بن الحسين بن دريد الأزدي. ويليها أيضا ديوان / زين الدين أبو حفص عمر بن مظفر بن عمر الوردي الشافعي ورسائله. ويليها ايضا ديوان / أبو الحسن إسماعيل بن سعد بن إسمهعيل الوهبي الحسيني الشافعي المصري المعروف بالخشاب ورسائله.
=880  \\$6250-04/$aالطبعة ١.
=880  \1$6264-05/$aقسطنطينية :$bمطبعة الجوائب،$c١٣٠٠ [١٨٨٣]
=880  04$6600-06/$aشنفرى.$tلامية العرب.
=880  14$6600-07/$aابن دريد، محمد بن الحسن.$tمقصورة
=880  12$6700-08/$aزمخشري، محمود بن عمر.$tأعجب العجب في شرح لامية العرب.
=880  1\$6700-09/$aKhashshāb, Ismāʻīl ibn Saʻd,$d-1815.$tDīwān.
=880  1\$6700-11/$aIbn al-Wardī, Zayn al-Dīn ʻUmar ibn al-Muẓaffar,$d-1349.$tDīwān.
=880  1\$6700-10/$aابن دريد، محمد بن الحسن،,$d837 or 838-933.$tمقصورة.
=880  12$6700-12/$aزمخشري، محمود بن عمر،$d1075-1144.$tشرح المقصورة الدريدية.
=880  02$6740-13/$aأعجب العجب في شرح لامية العرب.
=880  2\$6710-14/$aمطبعة الجوائب.
=880  02$6740-15/$aشرح المقصورة الدريدية.
=852  0\$aNNU$bBFALE$cFALES$hPJ7696.S5$iL3 1883$mNon-circulating$t1
=994  \\$aZ0$bZYU

