=LDR  02862cam a2200433 a 4500
=001  004267198
=003  OCoLC
=004  004267198
=005  20160330140147.0
=008  160330s1883\\\\tu\\\\\\\\\\\\000\1\ota\d
=035  \\$a(OCoLC)25579601
=040  \\$aPUL$beng$cPUL$dOSU$dOCLCG$dOCLCQ
=041  1\$aota$hfre
=050  \4$aPQ2446$b.J819 1884
=100  1\$aSue, Eugène,$d1804-1857.
=240  10$aJuif errant.$lOttoman Turkish
=245  10$6880-01$aSerseri Yahudi /$cmuellifi, Ûjen Su ; mütercimi M. Tevfik.
=250  \\$6880-02$aİlk defe.
=264  \1$6880-03$a[Istanbul] :$bCeride-i Askeriye Matbaası,$c1301 [1884 or 1885]
=300  \\$a1774 pages ;$c25 cm
=336  \\$atext$btxt$2rdacontent
=337  \\$aunmediated$bn$2rdamedia
=338  \\$avolume$bnc$2rdacarrier
=500  \\$aNovel.
=500  \\$aTurkish in Arabic script.
=500  \\$aTranslation of: Le Juif errant.
=500  \\$aSpecCol. c. 1 is bound in red leather, has watered silk endpaper and gilded edges. On front cover there are dedicatory inscriptions in Gold Ottoman Turkish and the sultanic seal (tuğra). The inscription in Ottoman Turkish reads: "el-sulṭân ibn el-sulṭân el-sulṭân al-ġâzî 'Abdülḥamîd H̲ân ḥażretlerının ṭaraf-i eşref mulûkânelerinden Vashington'da meclis-i mebʻûs̲an aʻżâʾından musyu Huvit ḥażretlerine ihdâ ettirilmiştir." On the back cover there are dedicatory inscriptions in English and French in gold and the symbol of the Ottoman state. The inscription in English reads: "Gift made by H.I.M. the Sultan Abdul-Hamid II to the honorable A.S. Hewitt[,] member of the House of Representatives in Washington[,] A.H. 1302 - 1884 A.D." The inscription in French reads: "Don fait par S.M.I le Sultan Abdul-Hamid II. a l'honorable M.A.S. Hewitt[,] membre de la Chambre des Representants a Washington[,] A.H. 1032 - 1884 A.D."$5NNU
=500  \\$aSpecCol. c. 1 was a gift of Abram Hewitt to the Library of the University of the City of New York. Accession number 7935L.$5NNU
=510  4\$aÖzege, M.S. Eski harflerle,$c17833
=700  0\$6880-04$aSelânikli Tevfik,$d1860-1910.
=700  1\$aHewitt, Abram S.$q(Abram Stevens),$d1822-1903,$edonor.$5NNU
=700  0\$aAbdülhamid$bII,$cSultan of the Turks,$d1842-1918.$5NNU
=776  08$iOnline version:$aSue, Eugène, 1804-1857.$sJuif errant. Ottoman Turkish.$tSerseri Yahudi.$d[Istanbul : Ceride-i Askeriye Matbaası, 1301 [1884 or 1884]$w(OCoLC)656763146
=880  10$6245-01/$aسرسرى يهودى \$cمؤلفى اوژن سو؛ مترجمى م. توفيق.
=880  \\$6250-02/$aايلك دفعه.
=880  \1$6264-03/$a]استانبول] :$bجريدۀ عسكريه مطيعهسى,$c1301 [1884 or 1885]
=880  0\$6700-04/$aسلانكى توفيق,$c1860-1910.
=852  0\$aNNU$bBFALE$cFALES$hPQ2446$i.J819 1884$mNon-circulating$t1
=994  \\$aZ0$bZYU

