=LDR  02450cam a22003615i 4500
=001  004265014
=003  OCoLC
=004  004265014
=005  20160323152158.0
=008  160323s1883\\\\tu\\\\\\\\\\\\000\0\ara\d
=035  \\$a(OCoLC)734000416
=040  \\$aHLS$beng$erda$cHLS$dOCLCQ$dOCLCO$dNNU
=050  \4$aPJ6161$b.T34 1883
=066  \\$c(3
=100  1\$6880-01$aTaftāzānī, Masʻūd ibn ʻUmar,$d1322-1389?$eauthor.
=245  10$6880-02$aMukhtaṣar al-maʻānī.
=260  \\$6880-03$a[Istanbul] :$bMaṭbaʻat ʻAlī Bik,$c1301 [1883 or 1884]
=300  \\$a232 pages ;$c24 cm
=336  \\$atext$btxt$2rdacontent
=337  \\$aunmediated$bn$2rdamedia
=338  \\$avolume$bnc$2rdacarrier
=500  \\$aSpecCol. c. 1 is bound in red leather, has watered silk endpaper and gilded edges. On front cover there are dedicatory inscriptions in Gold Ottoman Turkish and the sultanic seal (tuğra). The inscription in Ottoman Turkish reads: "el-sulṭân ibn el-sulṭân el-sulṭân al-ġâzî 'Abdülḥamîd H̲ân ḥażretlerının ṭaraf-i eşref mulûkânelerinden Vashington'da meclis-i mebʻûs̲an aʻżâʾından musyu Huvit ḥażretlerine ihdâ ettirilmiştir." On the back cover there are dedicatory inscriptions in English and French in gold and the symbol of the Ottoman state. The inscription in English reads: "Gift made by H.I.M. the Sultan Abdul-Hamid II to the honorable A.S. Hewitt[,] member of the House of Representatives in Washington[,] A.H. 1302 - 1884 A.D." The inscription in French reads: "Don fait par S.M.I le Sultan Abdul-Hamid II. a l'honorable M.A.S. Hewitt[,] membre de la Chambre des Representants a Washington[,] A.H. 1032 - 1884 A.D."$5NNU
=500  \\$aSpecCol. c. 1 was a gift of Abram Hewitt to the University of the City of New York. Accession number 7967L$5NNU
=600  10$aQazwīnī, Jalāl al-Dīn Muḥammad ibn ʻAbd al-Raḥmān,$d1267 or 1268-1338.$tTalkhīṣ al-Miftāḥ.
=650  \0$aArabic language$xRhetoric$vEarly works to 1800.
=700  1\$aHewitt, Abram S.$q(Abram Stevens),$d1822-1903,$edonor.$5NNU
=700  0\$aAbdülhamid$bII,$cSultan of the Turks,$d1842-1918.$5NNU
=752  \\$aTurkey$dIstanbul.
=880  1\$6100-01/$aتفتازاني ،مسعود بن عمر.
=880  10$6245-02/$aمختصر المعاني.
=880  \\$6260-03/$a[استانبول] :$bمطبعة علي بك،$c1301 [1883 او 1884]
=852  0\$bBFALE$cFALES$hPJ6161$i.T34 1883$aNNU
=994  \\$aZ0$bZYU

