=LDR  03053cam a2200373 a 4500
=001  004265004
=003  OCoLC
=004  004265004
=005  20160323145310.0
=008  160323s1883\\\\tu\\\\\\\\\\\\000\0\arard
=035  \\$a(OCoLC)16879170
=040  \\$aWAU$beng$erda$cWAU$dOSU$dIUL$dOCLCQ$dOCLCA$dOCLCQ$dNNU
=050  \4$aPJ7750.T43$bA6 1883
=066  \\$c(3
=100  1\$6880-01$aThaʻālibī, ʻAbd al-Malik ibn Muḥammad,$d961 or 962-1037 or 1038,$eauthor.
=245  10$6880-02$aArbaʻ rasāʼil /$cmuntakhabah min muʼallafāt Abī Manṣūr al-Thaʼālibī al-Nīsābūrī.
=250  \\$6880-03$aal-Ṭabʻah 1.
=264  \1$6880-04$aQusṭanṭīnīyah :$bMaṭbaʻat al-Jawāʼib,$c1301 [1883 or 1884]
=300  \\$a221, 6 pages ;$c25 cm
=336  \\$atext$btxt$2rdacontent
=337  \\$aunmediated$bn$2rdamedia
=338  \\$avolume$bnc$2rdacarrier
=505  0\$6880-05$aMuntakhabāt kitāb al-tamthīl wa-al-muḥāḍarah -- Muntakhabāt kitāb al-mubhij -- Muntakhabāt kitāb siḥr al-balāghah wa-sirr al-barāʻah -- Muntakhabāt kitāb al-nihāyah fī al-kināyah.
=500  \\$aSpecCol. c. 1 is bound in red leather, has watered silk endpaper and gilded edges. On front cover there are dedicatory inscriptions in Gold Ottoman Turkish and the sultanic seal (tuğra). The inscription in Ottoman Turkish reads: "el-sulṭân ibn el-sulṭân el-sulṭân al-ġâzî 'Abdülḥamîd H̲ân ḥażretlerının ṭaraf-i eşref mulûkânelerinden Vashington'da meclis-i mebʻûs̲an aʻżâʾından musyu Huvit ḥażretlerine ihdâ ettirilmiştir." On the back cover there are dedicatory inscriptions in English and French in gold and the symbol of the Ottoman state. The inscription in English reads: "Gift made by H.I.M. the Sultan Abdul-Hamid II to the honorable A.S. Hewitt[,] member of the House of Representatives in Washington[,] A.H. 1302 - 1884 A.D." The inscription in French reads: "Don fait par S.M.I le Sultan Abdul-Hamid II. a l'honorable M.A.S. Hewitt[,] membre de la Chambre des Representants a Washington[,] A.H. 1032 - 1884 A.D."$5NNU
=500  \\$aSpecCol. c. 1 was a gift of Abram Hewitt to the University of the City of New York. Accession number 7839L$5NNU
=700  1\$aHewitt, Abram S.$q(Abram Stevens),$d1822-1903,$edonor.$5NNU
=700  0\$aAbdülhamid$bII,$cSultan of the Turks,$d1842-1918.$5NNU
=880  1\$6100-01/$aثعالبى، عبد الملك بن محمد،,$d961 or 962-1037 or 1038.
=880  10$6245-02/$aاربع رسائل /$cمنتخبه من مؤلفات ابى منصور الثعالبى النيسابورى.
=880  \\$6250-03/$aالطبعة 1.
=880  \1$6264-04/$aقسطنطينية :$bمطبعة الجوائب ،$c1301 [1884]
=880  0\$6505-05/$aمنتخبات كتاب التمثيل والمحاضرة -- منتخبات كتاب المبهج -- منتخبات كتاب سحر البلاغة وسر البراعة -- منتخبات كتاب النهاية في الكناية.
=852  0\$aNNU$bBFALE$cFALES$hPJ7750.T43$iA6 1883$mNon-circulating$t1
=994  \\$aZ0$bZYU

