=LDR  03863cam a22005295i 4500
=001  004273685
=003  OCoLC
=004  004273685
=005  20160415162338.0
=008  160415s1883\\\\tu\\\\\\\\\\\\000\0\ara\d
=035  \\$a(OCoLC)33996433
=040  \\$aHLS$beng$erda$cHLS$dOCL$dMEAUC$dEUX$dOCLCQ$dOCLCO$dOCLCF
=050  \4$aPJ6070$b.K43 1883
=066  \\$c(3
=245  00$6880-01$aKhams rasāʼil.
=250  \\$6880-02$aal-Ṭabʻah 1.
=260  \\$6880-03$aQusṭanṭīnīyah :$bMaṭbaʻat al-Jawāʼib,$c1301 [1883 or 1884]
=300  \\$a272 pages ;$c23 cm
=336  \\$atext$btxt$2rdacontent
=337  \\$aunmediated$bn$2rdamedia
=338  \\$avolume$bnc$2rdacarrier
=500  \\$aSpecCol. c. 1 is bound in red leather, has watered silk endpaper and gilded edges. On front cover there are dedicatory inscriptions in Gold Ottoman Turkish and the sultanic seal (tuğra). The inscription in Ottoman Turkish reads: "el-sulṭân ibn el-sulṭân el-sulṭân al-ġâzî 'Abdülḥamîd H̲ân ḥażretlerının ṭaraf-i eşref mulûkânelerinden Vashington'da meclis-i mebʻûs̲an aʻżâʾından musyu Huvit ḥażretlerine ihdâ ettirilmiştir." On the back cover there are dedicatory inscriptions in English and French in gold and the symbol of the Ottoman state. The inscription in English reads: "Gift made by H.I.M. the Sultan Abdul-Hamid II to the honorable A.S. Hewitt[,] member of the House of Representatives in Washington[,] A.H. 1302 - 1884 A.D." The inscription in French reads: "Don fait par S.M.I le Sultan Abdul-Hamid II. a l'honorable M.A.S. Hewitt[,] membre de la Chambre des Representants a Washington[,] A.H. 1032 - 1884 A.D."$5NNU
=500  \\$aSpecCol. c. 1 was a gift of Abram Hewitt to the Library of the University of the City of New York. Accession number 7997L$5NNU
=650  \0$aArabic philology$vEarly works to 1800.
=650  \0$aArabic language$xGrammar$vEarly works to 1800.
=650  \7$aArabic language$xGrammar.$2fast$0(OCoLC)fst00812341
=650  \7$aArabic philology.$2fast$0(OCoLC)fst00812526
=655  \7$aEarly works.$2fast$0(OCoLC)fst01411636
=700  12$6880-04$aThaʻālibī, ʻAbd al-Malik ibn Muḥammad,$d961 or 962-1037 or 1038.$tĪjāz wa-al-aʻjāz.
=700  12$6880-05$aThaʻālibī, ʻAbd al-Malik ibn Muḥammad,$d961 or 962-1037 or 1038.$tBard al-akbād fī al-aʻdād.
=700  02$6880-06$aJāḥiẓ,$d-868 or 869.$tMuntakhabāt al-Bayān wa-al-tabyīn.
=700  12$6880-07$aRukhkhajī, ʻAlī ibn al-Ḥusayn,$d1061-1085.$tAḥāsin al-maḥāsin.
=700  02$6880-08$aMufaḍḍal ibn Muḥammad al-Ḍabbī,$dactive 8th century.$tGhāyat al-arab fī maʻānī mā yajrī ʻalá alsinn al-ʻāmmah fī muḥāwarātihim wa-am-thālihim min kalām al-ʻArab.
=700  1\$aHewitt, Abram S.$q(Abram Stevens),$d1822-1903,$edonor.$5NNU
=700  0\$aAbdülhamid$bII,$cSultan of the Turks,$d1842-1918.$5NNU
=710  2\$6880-09$aMaṭbaʻat al-Jawāʼib.
=880  00$6245-01/$aخمس رسائل.
=880  \\$6250-02/$aالطبعة 1.
=880  \\$6260-03/$aقسطنطينية :$bمطبعة الجوائب،$c1301 [1883 أو 1884]
=880  12$6700-04/$aثعالبي، عبد الملك بن محمد .$tايجاز والاعجاز.
=880  12$6700-05/$aثعالبي، عبد الملك بن محمد .$tبرد الاكباد في الاعداد.
=880  02$6700-06/$aجاحظ .$tمنتخبات البيان والتبيين.
=880  12$6700-07/$aرخجي، علي بن الحسين .$tاحاسن المحاسن.
=880  02$6700-08/$aمفضل بن محمد الضبي .$tغاية الارب في معاني ما يجري على السن العامة في محاوراتهم وامثالم من كلام العرب.
=880  2\$6710-09/$aمطبعة الجوائب.
=852  0\$aNNU$bBFALE$cFALES$hPJ6070$i.K43 1883$mNon-circulating$t1
=994  \\$aZ0$bZYU

