=LDR  02263cam a22003615i 4500
=001  004260563
=003  OCoLC
=004  004260563
=005  20160307145913.0
=008  160307s1883\\\\tu\\\\\\\l\\\\000\0\ota\d
=035  \\$a(OCoLC)83886507
=040  \\$aMH$beng$erda$cHLS$dOCLCO$dOCLCQ$dNNU
=043  \\$aa-tu---
=050  \4$aKKX68$b.T8753 1883
=110  1\$aTurkey.
=240  10$aLaws, etc.
=245  10$6880-01$aDüstur :$bzeyl.
=264  \1$6880-02$aİstanbul :$bMahmut Bey Matbaası,$c1299 [1883]
=300  \\$a3 volumes in 1 :$c24 cm.
=336  \\$atext$btxt$2rdacontent
=337  \\$aunmediated$bn$2rdamedia
=338  \\$avolume$bnc$2rdacarrier
=500  \\$aSpecCol. c. 1 is bound in red leather, has watered silk endpaper and gilded edges. On front cover there are dedicatory inscriptions in Gold Ottoman Turkish and the sultanic seal (tuğra). The inscription in Ottoman Turkish reads: "el-sulṭân ibn el-sulṭân el-sulṭân al-ġâzî 'Abdülḥamîd H̲ân ḥażretlerının ṭaraf-i eşref mulûkânelerinden Vashington'da meclis-i mebʻûs̲an aʻżâʾından musyu Huvit ḥażretlerine ihdâ ettirilmiştir." On the back cover there are dedicatory inscriptions in English and French in gold and the symbol of the Ottoman state. The inscription in English reads: "Gift made by H.I.M. the Sultan Abdul-Hamid II to the honorable A.S. Hewitt[,] member of the House of Representatives in Washington[,] A.H. 1302 - 1884 A.D." The inscription in French reads: "Don fait par S.M.I le Sultan Abdul-Hamid II. a l'honorable M.A.S. Hewitt[,] membre de la Chambre des Representants a Washington[,] A.H. 1032 - 1884 A.D."$5NNU
=500  \\$aSpecCol. c. 1 was a gift of Abram Hewitt to the University of the City of New York. Accession number 8064L$5NNU
=510  4\$aÖzege, M.S. Eski harflerle,$c4484
=546  \\$aIn Ottoman Turkish.
=650  \0$aLaw$zTurkey$y19th century.
=700  1\$aHewitt, Abram S.$q(Abram Stevens),$d1822-1903,$edonor.$5NNU
=700  0\$aAbdülhamid$bII,$cSultan of the Turks,$d1842-1918.$5NNU
=880  10$6245-01/$aدستور :$bذيل.
=880  \1$6264-02/$aاستانبول :$aمحمود بك مطبعهسى,$a1299 [1883]
=852  0\$aNNU$bBFALE$cFALEF$hKKX68$i.T8753 1883$mNon-circulating$t1
=994  \\$aZ0$bZYU

