=LDR  02762nam a2200349 i 4500
=001  004233231
=004  004233231
=005  20161101124223.0
=008  160209s1883\\\\tu\\\\\\\b\\\\000\0\ota\d
=040  \\$aNNU$beng$erda$cNNU
=050  \4$aPC2074.85$b.W54 1883
=100  1\$aWiesenthal, W.,$eauthor.
=245  10$6880-01$aUṣûl-i tedrîs :$baltmış iki derste Fransız lisânını tahṣîl etmeġe maḫṣûṣ uṣûl-i cedîdedir /$cmuḥarriri, Vizental.
=250  \\$6880-02$aİlâveli olarak 3cü defʻa.
=264  \1$6880-03$aIstanbul :$bMaḥmût Bey Maṭbaʻası,$c1301 [1883]
=300  \\$a240 pages ;$c19 cm.
=336  \\$atext$2rdacontent
=337  \\$aunmediated$2rdamedia
=338  \\$avolume$2rdacarrier
=500  \\$aTurkish in Arabic script and French.
=500  \\$a"Almanya'nın Haydelberg Darülfünunu elsine muallimi meşhur Doktor Emil Oto'nun usûlüdür."
=500  \\$a"Kavaid-i Osmaniyeye bittatbik kelime alınmıştır."
=500  \\$aSpecCol. c. 1 is bound in red leather, has watered silk endpaper and gilded edges. On front cover there are dedicatory inscriptions in Gold Ottoman Turkish and the sultanic seal (tuğra). The inscription in Ottoman Turkish reads: "el-sulṭân ibn el-sulṭân el-sulṭân al-ġâzî 'Abdülḥamîd Ḫân ḥażretlerının ṭaraf-i eşref mulûkânelerinden Vashington'da meclis-i mebʻûs̲an aʻżâʾından musyu Huvit ḥażretlerine ihdâ ettirilmiştir." On the back cover there are dedicatory inscriptions in English and French in gold and the symbol of the Ottoman state. The inscription in English reads: "Gift made by H.I.M. the Sultan Abdul-Hamid II to the honorable A.S. Hewitt[,] member of the House of Representatives in Washington[,] A.H. 1302 - 1884 A.D." The inscription in French reads: "Don fait par S.M.I le Sultan Abdul-Hamid II. a l'honorable M.A.S. Hewitt[,] membre de la Chambre des Representants a Washington[,] A.H. 1032 - 1884 A.D."$5NNU
=500  \\$aSpecCol. c. 1 was a gift of Abram Hewitt to the University of the City of New York. Accession number 7914L$5NNU
=510  4\$aÖzege, M.S. Eski harflerle,$c22294
=650  \0$aFrench language$vTextbooks for foreign speakers$xTurkish.
=700  1\$aHewitt, Abram S.$q(Abram Stevens),$d1822-1903,$edonor.$5NNU
=700  0\$aAbdülhamid$bII,$cSultan of the Turks,$d1842-1918.$5NNU
=880  10$6245-01/$aاصول تدريس :$bالتمش ايكى درسده فرانسز لسانى تحصيل ايتمكه مخصوص اصول جديدهدر \$cمحررى ويزنطال.
=880  \\$6250-02/$aعلاوهلى اولهرق اوچنجى دفعه.
=880  \1$6264-03/$aاستانبول :$bمحمود بك مطبعهسى,$c1301 [1883]
=852  0\$aNNU$bBFALE$cFALEF$hPC2074.85$i.W54 1883$mNon-circulating$t1

