=LDR  02252nam a2200325 i 4500
=001  004260544
=004  004260544
=005  20161101124239.0
=008  160307s1883\\\\tu\a\\\\\\\\\\000\0\ota\d
=040  \\$aNNU$beng$erda$cNNU
=043  \\$aa-tu---
=050  \4$aQA155$b.I46 1883
=245  00$6880-01$aʻİlm-i cebir.
=264  \1$6880-02$aİstanbul :$bMaḥmût Bey Maṭbaʻası,$c1301 [1883 or 1884]
=300  \\$a118 pages :$billustrations ;$c19 cm.
=336  \\$atext$2rdacontent
=337  \\$aunmediated$2rdamedia
=338  \\$avolume$2rdacarrier
=500  \\$aSpecCol. c. 1 is bound in red leather, has watered silk endpaper and gilded edges. On front cover there are dedicatory inscriptions in Gold Ottoman Turkish and the sultanic seal (tuğra). The inscription in Ottoman Turkish reads: "el-sulṭân ibn el-sulṭân el-sulṭân al-ġâzî 'Abdülḥamîd Ḫân ḥażretlerının ṭaraf-i eşref mulûkânelerinden Vashington'da meclis-i mebʻûs̲an aʻżâʾından musyu Huvit ḥażretlerine ihdâ ettirilmiştir." On the back cover there are dedicatory inscriptions in English and French in gold and the symbol of the Ottoman state. The inscription in English reads: "Gift made by H.I.M. the Sultan Abdul-Hamid II to the honorable A.S. Hewitt[,] member of the House of Representatives in Washington[,] A.H. 1302 - 1884 A.D." The inscription in French reads: "Don fait par S.M.I le Sultan Abdul-Hamid II. a l'honorable M.A.S. Hewitt[,] membre de la Chambre des Representants a Washington[,] A.H. 1032 - 1884 A.D."$5NNU
=500  \\$aSpecCol. c. 1 was a gift of Abram Hewitt to the Library of the University of the City of New York. Accession number 8085L$5NNU
=510  4\$aÖzege, M.S. Eski harflerle,$c24832 (?)
=650  \0$aAlgebra.
=650  \0$aAlgebra$zTurkey$y19th century.
=700  1\$6880-03$aYûsufyân Efendi,$etranslator.
=700  1\$aHewitt, Abram S.$q(Abram Stevens),$d1822-1903,$edonor.$5NNU
=700  0\$aAbdülhamid$bII,$cSultan of the Turks,$d1842-1918.$5NNU
=880  00$6245-01/$aعلم جبر.
=880  \1$6264-02/$aاستانبول :$bمحمود بك مطبعهسى,$c1301 [1883 or 1884]
=880  1\$6700-03/$aيوسفيان افندى.
=852  0\$aNNU$bBFALE$cFALEF$hQA155$i.I46 1883$mNon-circulating$t1

