=LDR  03067cam a2200445 a 4500
=001  004276341
=003  OCoLC
=004  004276341
=005  20160421140940.0
=008  160421s1883\\\\tu\\\\\\\\\\\\000\0\ara\d
=035  \\$a(OCoLC)781197171
=040  \\$aCLU$beng$cCLU$dOCLCA$dOCLCF$dOCLCO$dOCLCQ
=050  \4$aPJ6151$b.Z396 1883
=066  \\$c(3
=100  1\$6880-01$aZaynīʹzādah, Ḥusayn ibn Aḥmad,$d-1754 or 1755,$eauthor.
=245  10$6880-02$aMuʻrib al-kāfiyah /$cḤusayn ibn Aḥmad al-shahīr bi-Zaynī Zādah.
=264  \1$6880-03$a[Istanbul] :$bMaṭbaʻat Dār al-Salṭanah al-Sunnīyah,$c1301 [1883]
=300  \\$a416 pages ;$c24 cm
=336  \\$atext$btxt$2rdacontent
=337  \\$aunmediated$bn$2rdamedia
=338  \\$avolume$bnc$2rdacarrier
=500  \\$aCaption title.
=500  \\$aSpecCol. c. 1 is bound in red leather, has watered silk endpaper and gilded edges. On front cover there are dedicatory inscriptions in Gold Ottoman Turkish and the sultanic seal (tuğra). The inscription in Ottoman Turkish reads: "el-sulṭân ibn el-sulṭân el-sulṭân al-ġâzî 'Abdülḥamîd H̲ân ḥażretlerının ṭaraf-i eşref mulûkânelerinden Vashington'da meclis-i mebʻûs̲an aʻżâʾından musyu Huvit ḥażretlerine ihdâ ettirilmiştir." On the back cover there are dedicatory inscriptions in English and French in gold and the symbol of the Ottoman state. The inscription in English reads: "Gift made by H.I.M. the Sultan Abdul-Hamid II to the honorable A.S. Hewitt[,] member of the House of Representatives in Washington[,] A.H. 1302 - 1884 A.D." The inscription in French reads: "Don fait par S.M.I le Sultan Abdul-Hamid II. a l'honorable M.A.S. Hewitt[,] membre de la Chambre des Representants a Washington[,] A.H. 1032 - 1884 A.D."$5NNU
=500  \\$aSpecCol. c. 1 was a gift of Abram Hewitt to the Library of the University of the City of New York. Accession number 7980L$5NNU
=650  \0$aArabic language$xSyntax$vEarly works to 1800.
=650  \0$aArabic language$xGrammar$vEarly works to 1800.
=600  10$aIbn al-Ḥājib, ʻUthmān ibn ʻUmar,$d1175-1249.$tKāfiyah.
=630  07$aKāfiyah (Ibn al-Ḥājib, ʻUthmān ibn ʻUmar)$2fast$0(OCoLC)fst01366739
=650  \7$aArabic language$xGrammar.$2fast$0(OCoLC)fst00812341
=650  \7$aArabic language$xSyntax.$2fast$0(OCoLC)fst00812441
=655  \7$aEarly works.$2fast$0(OCoLC)fst01411636
=700  1\$aHewitt, Abram S.$q(Abram Stevens),$d1822-1903,$edonor.$5NNU
=700  0\$aAbdülhamid$bII,$cSultan of the Turks,$d1842-1918.$5NNU
=710  2\$6880-05$aMaṭbaʻat Dār al-Salṭanah al-Sunnīyah,$epublisher.
=880  1\$6100-01/$aزيني زادة، حسين بن احمد،.
=880  10$6245-02/$aمعرب الكافية$cحسين بن احمد الشهير بزيني زادة.
=880  \1$6264-03/$a[Istanbul] :$bمطبعة دار السلطنة السنية،$c1301[1883]
=880  2\$6710-05/$aمطبعة دار السلطنة السنية.
=852  0\$aNNU$bBFALE$cFALES$hPJ6151$i.Z396 1883$mNon-circulating$t1
=994  \\$aZ0$bZYU

