=LDR  02671cam a22003615i 4500
=001  004264953
=003  OCoLC
=004  004264953
=005  20160323125639.0
=008  160323s1884\\\\tu\\\\\\\\\\\\000\0\ara\d
=035  \\$a(OCoLC)122714877
=040  \\$aCGU$beng$erda$cEQO$dOCLCG$dOCLCQ$dOCLCA$dOCLCF$dOCLCO$dOCLCQ
=050  \4$aPJ7530$b.A274 1884
=066  \\$c(3
=100  1\$6880-01$aAbū Ḥayyān al-Tawḥīdī, ʻAlī ibn Muḥammad,$dactive 10th century,$eauthor.
=245  10$6880-02$aRisālatān :$bal-risālah al-ūlá fī al-ṣadāqah wa-alṣadīq wa al-risālah al-thāniyah fī alʻulūm /$cli-Abī Ḥayyān al-Tawḥīdī.
=264  \1$6880-03$aQusṭanṭīn⁻iyah :$bMaṭbaʻat al-Jawāʼib,$c.1301 (1884)
=300  \\$a208 pages ;$c21 cm
=336  \\$atext$btxt$2rdacontent
=337  \\$aunmediated$bn$2rdamedia
=338  \\$avolume$bnc$2rdacarrier
=500  \\$aSpecCol. c. 1 was bound in red leather, has watered silk endpaper and gilded edges. On front cover there are dedicatory inscriptions in Gold Ottoman Turkish and the sultanic seal (tuğra). The inscription in Ottoman Turkish reads: "el-sulṭân ibn el-sulṭân el-sulṭân al-ġâzî 'Abdülḥamîd H̲ân ḥażretlerının ṭaraf-i eşref mulûkânelerinden Vashington'da meclis-i mebʻûs̲an aʻżâʾından musyu Huvit ḥażretlerine ihdâ ettirilmiştir." On the back cover there are dedicatory inscriptions in English and French in gold and the symbol of the Ottoman state. The inscription in English reads: "Gift made by H.I.M. the Sultan Abdul-Hamid II to the honorable A.S. Hewitt[,] member of the House of Representatives in Washington[,] A.H. 1302 - 1884 A.D." The inscription in French reads: "Don fait par S.M.I le Sultan Abdul-Hamid II. a l'honorable M.A.S. Hewitt[,] membre de la Chambre des Representants a Washington[,] A.H. 1032 - 1884 A.D."$5NNU
=650  \0$aFriendship.
=650  \0$aIslamic learning and scholarship.
=650  \7$aFriendship.$2fast$0(OCoLC)fst00935174
=650  \7$aIslamic learning and scholarship.$2fast$0(OCoLC)fst00979968
=700  1\$aHewitt, Abram S.$q(Abram Stevens),$d1822-1903,$edonor.$5NNU
=700  0\$aAbdülhamid$bII,$cSultan of the Turks,$d1842-1918.$5NNU
=880  1\$6100-01/$aأبو حيان التوحيدي، علي بن محمد.
=880  10$6245-02/$aرسالتان :$bالرسالة الأولى في الصداقة والصديق و الرسالة الثانية في العلوم /$cلأبي حيان التوحيدي.
=880  \1$6264-03/$aقسطنطينية ؛$bمطبعة الجوائب،$c١٣٠١ (١٨٨٤)
=852  0\$aNNU$bBFALE$cFALES$hPJ7530$i.A274 1884$mNon-circulating$t1
=994  \\$aZ0$bZYU

