=LDR  02723cam a2200421 i 4500
=001  004233195
=003  OCoLC
=004  004233195
=005  20161101124414.0
=008  160209s1884\\\\tu\\\\\\\\\\\\000\0\ota\d
=035  \\$a(OCoLC)756389073
=040  \\$aNDD$beng$erda$cNDD$dOCLCF$dOCLCO$dOCLCQ
=043  \\$aa-tu---
=050  \4$aKKX492$b.A45 1884
=066  \\$c(3$c(4
=100  0\$6880-01$aAhmet Cevdet Paşa,$d1822-1895,$eauthor.
=245  10$6880-02$aMecelle-i ahkâm-i adliye /$cAhmet Cevdet Paşa.
=264  \1$6880-03$aاستانبول :$bمطبعۀ عثمانيه،$c1300 [1884]
=300  \\$a677 pages ;$c18 cm
=336  \\$atext$btxt$2rdacontent
=337  \\$aunmediated$bn$2rdamedia
=338  \\$avolume$bnc$2rdacarrier
=500  \\$aSpecCol. c. 1 is bound in red leather, has watered silk endpaper and gilded edges. On front cover there are dedicatory inscriptions in Gold Ottoman Turkish and the sultanic seal (tuğra). The inscription in Ottoman Turkish reads: "el-sulṭân ibn el-sulṭân el-sulṭân al-ġâzî 'Abdülḥamîd Ḫân ḥażretlerının ṭaraf-i eşref mulûkânelerinden Vashington'da meclis-i mebʻûs̲an aʻżâʾından musyu Huvit ḥażretlerine ihdâ ettirilmiştir." On the back cover there are dedicatory inscriptions in English and French in gold and the symbol of the Ottoman state. The inscription in English reads: "Gift made by H.I.M. the Sultan Abdul-Hamid II to the honorable A.S. Hewitt[,] member of the House of Representatives in Washington[,] A.H. 1302 - 1884 A.D." The inscription in French reads: "Don fait par S.M.I le Sultan Abdul-Hamid II. a l'honorable M.A.S. Hewitt[,] membre de la Chambre des Representants a Washington[,] A.H. 1032 - 1884 A.D."$5NNU
=500  \\$aSpecCol. c. 1 was a gift of Abram Hewitt to the Library of New York University. Accession number 30423$5NNU
=510  4\$aÖzege, M.S. Eski harflerle,$c12456
=546  \\$aOttoman Turkish;$bArabic script.
=610  10$aTurkey.$tMecelle.
=650  \0$aCivil law$zTurkey.
=650  \7$aCivil law.$2fast$0(OCoLC)fst00862544
=651  \7$aTurkey.$2fast$0(OCoLC)fst01208963
=776  08$iOnline version:$aAhmet Cevdet Paşa, 1822-1895.$tMecelle-i ahkâm-i adliye.$dİstanbul : Matbaa-yi Osmaniye, 1300 [1884]$w(OCoLC)868010845
=700  1\$aHewitt, Abram S.$q(Abram Stevens),$d1822-1903,$edonor.$5NNU
=700  0\$aAbdülhamid$bII,$cSultan of the Turks,$d1842-1918.$5NNU
=880  0\$6100-01/$aاحمد جودت باشا،,$d1822-1895.
=880  10$6245-02/$aمجله احكام عدليه /$cاحمد جودت باشا.
=880  \1$6264-03/$aİstanbul :$bMatbaa-yi Osmaniye,$c1300 [1884]
=852  0\$aNNU$bBFALE$cFALEF$hKKX492$i.A45 1884$mNon-circulating$t1
=994  \\$aZ0$bZYU

