=LDR  02475nam a2200361 i 4500
=001  001291158
=004  NYUb11681942
=005  20161101124434.0
=008  080618s1884\\\\tu\\\\\\\\\\\\000\f\ota\d
=035  9\$aNYUH11681942/11160418
=040  \\$aNjP$beng$erda$cNjP$dNNU
=050  \4$aPL248.A3173$bC45 1884
=100  0\$6880-01$aAhmet Mithat,$d1844-1912,$eauthor.
=245  10$6880-02$aCellât /$cMüellifi Ahmet Mithat.
=250  \\$6880-03$aİlk defe.
=264  \1$6880-04$aİstanbul :$bTercümân-ı Hakikat Matbaası,$c1301 [1884]
=300  \\$a192 pages ;$c24 cm.
=336  \\$atext$2rdacontent
=337  \\$aunmediated$2rdamedia
=338  \\$avolume$2rdacarrier
=500  \\$aSpecCol. c. 1 is bound in red leather, has watered silk endpaper and gilded edges. On front cover there are dedicatory inscriptions in Gold Ottoman Turkish and the sultanic seal (tuğra). The inscription in Ottoman Turkish reads: "el-sulṭân ibn el-sulṭân el-sulṭân al-ġâzî 'Abdülḥamîd Ḫân ḥażretlerının ṭaraf-i eşref mulûkânelerinden Vashington'da meclis-i mebʻûs̲an aʻżâʾından musyu Huvit ḥażretlerine ihdâ ettirilmiştir." On the back cover there are dedicatory inscriptions in English and French in gold and the symbol of the Ottoman state. The inscription in English reads: "Gift made by H.I.M. the Sultan Abdul-Hamid II to the honorable A.S. Hewitt[,] member of the House of Representatives in Washington[,] A.H. 1302 - 1884 A.D." The inscription in French reads: "Don fait par S.M.I le Sultan Abdul-Hamid II. a l'honorable M.A.S. Hewitt[,] membre de la Chambre des Representants a Washington[,] A.H. 1032 - 1884 A.D."$5NNU
=500  \\$aSpecCol. c. 1 was a gift of Abram Hewitt to the Library of New York University. Accession number 30451$5NNU
=510  4\$aÖzege, M.S. Eski harflerle,$c2863
=546  \\$aTurkish in Arabic script.
=650  \0$aTurkish liteature$y19th century.
=700  1\$aHewitt, Abram S.$q(Abram Stevens),$d1822-1903,$edonor.$5NNU
=700  0\$aAbdülhamid$bII,$cSultan of the Turks,$d1842-1918.$5NNU
=880  0\$6100-01/$aاحمد مدحت,$d1844-1912.
=880  10$6245-02/$aجلاد \$cمؤلفى احمد مدحت.
=880  \\$6250-03/$aايلك دفعه.
=880  \1$6264-04/$aاستانبول :$bترجمان حقيقت مطبعهسى,$c1301 [1884]
=852  0\$aNNU$bBOBST$cMAIN$hPL248.A3173$iC45 1884$p31142023676367$t1$711160418
=852  0\$aNNU$bBFALE$cFALEF$hPL248.A3173$iC45 1884$mNon-circulating$t1

