=LDR  03027cam a22004455i 4500
=001  004276474
=003  OCoLC
=004  004276474
=005  20160422114234.0
=008  160422s1884\\\\tu\af\\\\\\\\\000\0\ota\d
=035  \\$a(OCoLC)25654352
=040  \\$aPUL$beng$erda$cPUL$dOCLCQ$dOCLCF$dOCLCO$dNNU
=043  \\$aa-tu---
=050  \4$aUG460$b.A46 1884
=100  0\$6880-01$aAhmet Şükrü,$d-1914,$eauthor.
=245  10$6880-02$aPiyade ve süvari sınıflarına mahsus ve programına muvafık fenn-i mimarı̂ /$ceser-i Ahmet Şükrü.
=264  \1$6880-03$a[Istanbul] :$bMekteb-i Harbiye-yi Şahane Matbaası,$c[1884]
=300  \\$a132, 59 pages, 40 +, 7 + leaves of plates :$billustrations ;$c19 cm
=336  \\$atext$btxt$2rdacontent
=337  \\$aunmediated$bn$2rdamedia
=338  \\$avolume$bnc$2rdacarrier
=500  \\$aTurkish in Arabic script.
=500  \\$aSpecCol. c. 1 is bound in red leather, has watered silk endpaper and gilded edges. On front cover there are dedicatory inscriptions in Gold Ottoman Turkish and the sultanic seal (tuğra). The inscription in Ottoman Turkish reads: "el-sulṭân ibn el-sulṭân el-sulṭân al-ġâzî 'Abdülḥamîd H̲ân ḥażretlerının ṭaraf-i eşref mulûkânelerinden Vashington'da meclis-i mebʻûs̲an aʻżâʾından musyu Huvit ḥażretlerine ihdâ ettirilmiştir." On the back cover there are dedicatory inscriptions in English and French in gold and the symbol of the Ottoman state. The inscription in English reads: "Gift made by H.I.M. the Sultan Abdul-Hamid II to the honorable A.S. Hewitt[,] member of the House of Representatives in Washington[,] A.H. 1302 - 1884 A.D." The inscription in French reads: "Don fait par S.M.I le Sultan Abdul-Hamid II. a l'honorable M.A.S. Hewitt[,] membre de la Chambre des Representants a Washington[,] A.H. 1032 - 1884 A.D."$5NNU
=500  \\$aSpecCol. c. 1 was a gift of Abram Hewitt to the Library of the University of the City of New York. Accession number 7845L$5NNU
=500  \\$a"Birinci defa olarak ..."
=510  4\$aÖzege, M.S. Eski harflerle,$c16313
=650  \0$aMilitary architecture.
=650  \0$aMilitary architecture$zTurkey$y19th century.
=650  \0$aArchitecture.
=650  \7$aArchitecture.$2fast$0(OCoLC)fst00813346
=650  \7$aMilitary architecture.$2fast$0(OCoLC)fst01020865
=700  1\$aHewitt, Abram S.$q(Abram Stevens),$d1822-1903,$edonor.$5NNU
=700  0\$aAbdülhamid$bII,$cSultan of the Turks,$d1842-1918.$5NNU
=710  2\$6880-05$aMekteb-i Ḥarbiye-yi Şâhâne Maṭbaʻası,$epublisher.
=880  0\$6100-01/$aاحمد شكرى,$d-1914.
=880  10$6245-02/$aپياده وسوارى صنفلرينه مخصوص وپروغرامنه موافق فن معمارى \$cاثر احمد شكرى.
=880  \1$6264-03/$a[استانبول[ :$bمكتب حربيهٔ شاهانه مطبعهسى,$c[1884]
=880  2\$6710-05/$aمكتب حربيهٔ شاهانه مطبعهسى.
=852  0\$aNNU$bBFALE$cFALES$hUG460$i.A46 1884$mNon-circulating$t1
=994  \\$aZ0$bZYU

