=LDR  02616nam a2200373 i 4500
=001  004267157
=004  004267157
=005  20160330123741.0
=008  160330s1884\\\\tu\\\\\\\\\\\\000\d\ota\d
=040  \\$aNNU$beng$erda$cNNU
=043  \\$aa-tu---
=050  \4$aPQ2153.A36$bP4619 1884
=100  1\$aAnicet-Bourgeois,$cM.$q(Auguste),$d1806-1871,$eauthor.
=240  13$aLe pendu.$lOttoman Turkish.
=245  10$6880-01$aAsılmış bir âdam :$bdrâm /$c[Mütercimi:] Yaġcızâde Ö. Nûrî.
=264  \1$6880-02$aİstanbul :$bMaḥmût Bey Maṭbaʻası,$c1301 [1884]
=300  \\$a176 pages ;$c19 cm.
=336  \\$atext$2rdacontent
=337  \\$aunmediated$2rdamedia
=338  \\$avolume$2rdacarrier
=490  0\$6880-03$aVaṭan kütübh̲ânesi ;$v1
=500  \\$aSpecCol. c. 1 is bound in red leather, has watered silk endpaper and gilded edges. On front cover there are dedicatory inscriptions in Gold Ottoman Turkish and the sultanic seal (tuğra). The inscription in Ottoman Turkish reads: "el-sulṭân ibn el-sulṭân el-sulṭân al-ġâzî 'Abdülḥamîd H̲ân ḥażretlerının ṭaraf-i eşref mulûkânelerinden Vashington'da meclis-i mebʻûs̲an aʻżâʾından musyu Huvit ḥażretlerine ihdâ ettirilmiştir." On the back cover there are dedicatory inscriptions in English and French in gold and the symbol of the Ottoman state. The inscription in English reads: "Gift made by H.I.M. the Sultan Abdul-Hamid II to the honorable A.S. Hewitt[,] member of the House of Representatives in Washington[,] A.H. 1302 - 1884 A.D." The inscription in French reads: "Don fait par S.M.I le Sultan Abdul-Hamid II. a l'honorable M.A.S. Hewitt[,] membre de la Chambre des Representants a Washington[,] A.H. 1032 - 1884 A.D."$5NNU
=500  \\$aSpecCol. c. 1 was a gift of Abram Hewitt to the Library of the University of the City of New York. Accession number 7952L.$5NNU
=510  4\$aÖzege, M.S. Eski harflerle,$c1029
=546  \\$aTurkish in Arabic script.
=650  \0$aFrench drama$zTurkey$y19th century.
=700  1\$6880-04$aYaġcızâde Ö. Nûrî,$etranslator.
=700  1\$aHewitt, Abram S.$q(Abram Stevens),$d1822-1903,$edonor.$5NNU
=700  0\$aAbdülhamid$bII,$cSultan of the Turks,$d1842-1918.$5NNU
=880  10$6245-01/$aآصلمش بر آدم :$bدرام \$cمترجمى] ياغجى زاده ع. نورى.[
=880  \1$6264-02/$aاستانبول :$bمحمود بك مطبعهسى,$c1301 [1884]
=880  0\$6490-03/$aوطن كتبخانهسى ؛$v1
=880  1\$6700-04/$aياغجى زاده ع. نورى.
=852  0\$aNNU$bBFALE$cFALES$hPQ2153.A36$iP4619 1884$mNon-circulating$t1

