=LDR  02935cam a2200421 i 4500
=001  004235493
=003  OCoLC
=004  004235493
=005  20161101124551.0
=008  160216s1884\\\\tu\\\\\\\\\\\\000\0\ota\d
=035  \\$a(OCoLC)32123569
=040  \\$aPUL$beng$cPUL$dOCLCQ$dOCLCF$dOCLCO$dOCLCQ
=043  \\$aa-tu---
=050  \4$aPL248.C4$bA33 1884
=100  0\$6880-01$aCelâleddin Paşa,$cMahmud,$d1839-1899,$eauthor.
=245  10$6880-02$aAfaka bir nazar :$bzeval-ı aşk hakkında ba'zı muhakemat-ı fikriye-yi camidir /$ceseri Mahmut Celâleddin.
=246  30$6880-03$aZeval-ı aşk
=264  \1$6880-04$aİstanbul :$bMihran Matbaası,$c1300 [1884]
=300  \\$a54 pages ;$c18 cm
=336  \\$atext$btxt$2rdacontent
=337  \\$aunmediated$bn$2rdamedia
=338  \\$avolume$bnc$2rdacarrier
=500  \\$aTurkish in Arabic script.
=500  \\$aSpecCol. c. 1 is bound in red leather, has watered silk endpaper and gilded edges. On front cover there are dedicatory inscriptions in Gold Ottoman Turkish and the sultanic seal (tuğra). The inscription in Ottoman Turkish reads: "el-sulṭân ibn el-sulṭân el-sulṭân al-ġâzî 'Abdülḥamîd Ḫân ḥażretlerının ṭaraf-i eşref mulûkânelerinden Vashington'da meclis-i mebʻûs̲an aʻżâʾından musyu Huvit ḥażretlerine ihdâ ettirilmiştir." On the back cover there are dedicatory inscriptions in English and French in gold and the symbol of the Ottoman state. The inscription in English reads: "Gift made by H.I.M. the Sultan Abdul-Hamid II to the honorable A.S. Hewitt[,] member of the House of Representatives in Washington[,] A.H. 1302 - 1884 A.D." The inscription in French reads: "Don fait par S.M.I le Sultan Abdul-Hamid II. a l'honorable M.A.S. Hewitt[,] membre de la Chambre des Representants a Washington[,] A.H. 1032 - 1884 A.D."$5NNU
=500  \\$aSpecCol. c. 1 was a gift of Abram Hewitt to the University of the City of New York. Accession number 7888L$5NNU
=510  4\$aÖzege, M.S. Eski harflerle,$c54
=650  \0$aTurkish literature$xHistory and criticism.
=650  \7$aTurkish literature.$2fast$0(OCoLC)fst01159487
=655  \7$aCriticism, interpretation, etc.$2fast$0(OCoLC)fst01411635
=776  08$iOnline version:$aMahmut Celâleddin.$tAfaka bir nazar.$dİstanbul : Mihran Matbaası, 1300 [1884]$w(OCoLC)656819825
=700  1\$aHewitt, Abram S.$q(Abram Stevens),$d1822-1903,$edonor.$5NNU
=700  0\$aAbdülhamid$bII,$cSultan of the Turks,$d1842-1918.$5NNU
=880  0\$6100-01/$aجلال الدين پاشا,$cمحمود,$d1839-1899.
=880  10$6245-02/$aآفاقه بر نظر :$bزوال عشق حقنده بعض محاكمات فكريه جامعدر \$cاثر محمود جلال الدين.
=880  30$6246-03/$aزوال عشق.
=880  \1$6264-04/$aاستانبول :$bمهران مطبعهسى,$c1300 [1884]
=852  0\$aNNU$bBFALE$cFALEF$hPL248.C4$iA33 1884$mNon-circulating$t1
=994  \\$aZ0$bZYU

