=LDR  02267cam a2200337 i 4500
=001  004261229
=003  OCoLC
=004  004261229
=005  20160309124213.0
=008  160309s1884\\\\tu\\\\\\\\\\\\000\0\otaod
=010  \\$a2016374109
=035  \\$a(OCoLC)942885683
=040  \\$aCLU$beng$erda$cCLU$dDLC$dOCLCO
=042  \\$alccopycat
=050  00$aPL175$b.E46 1884
=100  0\$6880-01$aElhac İbrahim,$d-1891.
=245  10$6880-02$aŞerh-i belâgat /$ceser-i Elhac İbrahim.
=264  \1$6880-03$aİstanbul :$bMatbaa-yi Osmaniye,$c1301 [1884]
=300  \\$a128 pages ;$c20 cm.
=500  \\$aSpecCol. c. 1 is bound in red leather, has watered silk endpaper and gilded edges. On front cover there are dedicatory inscriptions in Gold Ottoman Turkish and the sultanic seal (tuğra). The inscription in Ottoman Turkish reads: "el-sulṭân ibn el-sulṭân el-sulṭân al-ġâzî 'Abdülḥamîd H̲ân ḥażretlerının ṭaraf-i eşref mulûkânelerinden Vashington'da meclis-i mebʻûs̲an aʻżâʾından musyu Huvit ḥażretlerine ihdâ ettirilmiştir." On the back cover there are dedicatory inscriptions in English and French in gold and the symbol of the Ottoman state. The inscription in English reads: "Gift made by H.I.M. the Sultan Abdul-Hamid II to the honorable A.S. Hewitt[,] member of the House of Representatives in Washington[,] A.H. 1302 - 1884 A.D." The inscription in French reads: "Don fait par S.M.I le Sultan Abdul-Hamid II. a l'honorable M.A.S. Hewitt[,] membre de la Chambre des Representants a Washington[,] A.H. 1032 - 1884 A.D."$5NNU
=500  \\$aSpecCol. c. 1 was a gift of Abram Hewitt to the Library of New York University. Accession number 30470$5NNU
=546  \\$aTurkish$bArabic script.
=510  4\$aÖzege, M. S. Eski harflerle,$c18808
=650  \0$aTurkish language$xRhetoric.
=700  1\$aHewitt, Abram S.$q(Abram Stevens),$d1822-1903,$edonor.$5NNU
=700  0\$aAbdülhamid$bII,$cSultan of the Turks,$d1842-1918.$5NNU
=880  0\$6100-01/$aالحاج ابراهيم.
=880  10$6245-02/$aشرح بلاغت \$cاثر الحاج ابراهيم.
=880  \1$6264-03/$aاستانبول :$bمطبعهٔ عثمانيه,$c1301 [1884]
=852  0\$aNNU$bBFALE$cFALES$hPL175$i.E46 1884$mNon-circulating$t1
=994  \\$aZ0$bZYU

