=LDR  03348cam a2200469 i 4500
=001  004264909
=003  OCoLC
=004  004264909
=005  20160323114407.0
=008  160323s1884\\\\tu\\\\\\\\\\\\000\0caraod
=035  \\$a(OCoLC)11517305
=040  \\$aWAU$beng$erda$cWAU$dOCLCG$dNYP$dOCLCQ$dOCLCF$dOCLCQ$dOCLCO$dNNU
=041  1\$aara$hfre
=050  \4$aPQ1795.A5$bA62 1884
=066  \\$c(3
=100  1\$aFénelon, François de Salignac de La Mothe-,$d1651-1715,$eauthor.
=240  10$aAbrégé de la vie des plus illustres philosophes de l'antiquité.$lArabic
=245  10$6880-01$aTārīkh al-falāsifah /$ctarjamah min al-lughah al-Faransāwīyah ilá al-lughah al-ʻArabīyah ʻAbd Allāh najl Ḥusayn al-Miṣrī.
=246  3\$6880-02$aMukhtaṣar tarjamat mashāhīr qudamāʼ al-falāsifah
=250  \\$6880-03$aal-Ṭabʻah 2.
=264  \1$6880-04$aQusṭanṭīnīyah :$bṬabʻ fī Maṭbaʻat al-Jawāʼib,$c1302 [1884]
=300  \\$a160 pages ;$c21 cm
=336  \\$atext$btxt$2rdacontent
=337  \\$aunmediated$bn$2rdamedia
=338  \\$avolume$bnc$2rdacarrier
=500  \\$aTranslation of: Abrégé de la vie des plus illustres philosophes de l'antiquité.
=500  \\$aFirst ed. published as: Mukhtaṣar tarjamat mashāhīr qudamāʼ al-falāsifah. 1252 [1836 or 1837].
=500  \\$aSpecCol. c. 1 was originally bound in red leather, has watered silk endpaper and gilded edges. On front cover there are dedicatory inscriptions in Gold Ottoman Turkish and the sultanic seal (tuğra). The inscription in Ottoman Turkish reads: "el-sulṭân ibn el-sulṭân el-sulṭân al-ġâzî 'Abdülḥamîd H̲ân ḥażretlerının ṭaraf-i eşref mulûkânelerinden Vashington'da meclis-i mebʻûs̲an aʻżâʾından musyu Huvit ḥażretlerine ihdâ ettirilmiştir." On the back cover there are dedicatory inscriptions in English and French in gold and the symbol of the Ottoman state. The inscription in English reads: "Gift made by H.I.M. the Sultan Abdul-Hamid II to the honorable A.S. Hewitt[,] member of the House of Representatives in Washington[,] A.H. 1302 - 1884 A.D." The inscription in French reads: "Don fait par S.M.I le Sultan Abdul-Hamid II. a l'honorable M.A.S. Hewitt[,] membre de la Chambre des Representants a Washington[,] A.H. 1032 - 1884 A.D."$5NNU
=650  \0$aPhilosophers, Ancient.
=650  \7$aPhilosophers, Ancient.$2fast$0(OCoLC)fst01060760
=700  1\$6880-05$aMiṣrī, ʻAbd Allāh ibn Ḥusayn,$etranslator.
=700  1\$aFénelon, François de Salignac de La Mothe-,$d1651-1715.$tMukhtaṣar tarjamat mashāhīr qudamāʼ al-falāsifah.
=710  2\$aMaṭbaʻat al-Jawāʼib.
=700  1\$aHewitt, Abram S.$q(Abram Stevens),$d1822-1903,$edonor.$5NNU
=700  0\$aAbdülhamid$bII,$cSultan of the Turks,$d1842-1918.$5NNU
=880  10$6245-01/$aتاريخ الفلاسفة /$cترجمة من اللغة الفرنساوية الى اللغة العربية عبد الله نجل حسين المصري.
=880  3\$6246-02/$aمختصر ترجمة مشاهير الفلاسفة.
=880  \\$6250-03/$aالطبعة 2.
=880  \1$6264-04/$aقسطنطنية :$bطبع في مطبعة الجوائب,$c1302 [1884]
=880  1\$6700-05/$aمصري, عبد الله ابن حسين.
=852  0\$aNNU$bBFALE$cFALES$hPQ1795.A5$iA62 1884$mNon-circulating$t1
=994  \\$aZ0$bZYU

