=LDR  02515cam a2200349 i 4500
=001  004235926
=003  OCoLC
=004  004235926
=005  20161101124606.0
=008  160217s1884\\\\tu\\\\\\\\\\\\000\0\ota\d
=035  \\$a(OCoLC)42827408
=040  \\$aPUL$beng$erda$cPUL$dOCLCG$dOCLCA$dOCLCQ$dNNU
=050  \4$aBP163$b.H377 1884
=100  0\$aHarputlu İshak,$d-1891 or 1892,$eauthor.
=245  10$6880-01$aEsʼile-yi ḥikemiye /$cmüellifi Isḥaḳ Efendi; ṣâḥibi Meḥmet Necîp.
=264  \1$6880-02$aIstanbul :$bCerîde-yi 'Askeriye Maṭba'ası,$c1301 [1884]
=300  \\$a166 pages$c17 cm
=336  \\$atext$btxt$2rdacontent
=337  \\$aunmediated$bn$2rdamedia
=338  \\$avolume$bnc$2rdacarrier
=500  \\$aSpecCol. c. 1 is bound in red leather, has watered silk endpaper and gilded edges. On front cover there are dedicatory inscriptions in Gold Ottoman Turkish and the sultanic seal (tuğra). The inscription in Ottoman Turkish reads: "el-sulṭân ibn el-sulṭân el-sulṭân al-ġâzî 'Abdülḥamîd Ḫân ḥażretlerının ṭaraf-i eşref mulûkânelerinden Vashington'da meclis-i mebʻûs̲an aʻżâʾından musyu Huvit ḥażretlerine ihdâ ettirilmiştir." On the back cover there are dedicatory inscriptions in English and French in gold and the symbol of the Ottoman state. The inscription in English reads: "Gift made by H.I.M. the Sultan Abdul-Hamid II to the honorable A.S. Hewitt[,] member of the House of Representatives in Washington[,] A.H. 1302 - 1884 A.D." The inscription in French reads: "Don fait par S.M.I le Sultan Abdul-Hamid II. a l'honorable M.A.S. Hewitt[,] membre de la Chambre des Representants a Washington[,] A.H. 1032 - 1884 A.D."$5NNU
=500  \\$aSpecCol. c. 1 was a gift of Abram Hewitt to the University of the City of New York. Accession number 7956L$5NNU
=510  4\$aÖzege, M.S. Eski harflerle,$c5107
=650  \0$aIslam$xDoctrines.
=650  \0$aIslamic eschatology.
=776  08$iOnline version:$aHarputlu İshak, -1891 or 2.$tEsʼilei hikemiyye.$dIstanbul, 1301 [1884]$w(OCoLC)682836373
=700  1\$aHewitt, Abram S.$q(Abram Stevens),$d1822-1903,$edonor.$5NNU
=700  0\$aAbdülhamid$bII,$cSultan of the Turks,$d1842-1918.$5NNU
=880  10$6245-01/$aاسئلهٔ حكميه \$cمؤلفى اسحق افندى؛ صاحبى محمد نجيب.
=880  \1$6264-02/$aاستانبول :$bجريدهٔ عسكريه مطبعهسى,$c1301 [1884]
=852  0\$aNNU$bBFALE$cFALEF$hBP163$i.H377 1884$mNon-circulating$t1
=994  \\$aZ0$bZYU

