=LDR  02881cam a2200445 i 4500
=001  004235500
=003  OCoLC
=004  004235500
=005  20160216140043.0
=008  160216s1884\\\\tu\\\\\\\\\\\\000\0\otaod
=035  \\$a(OCoLC)13241767
=040  \\$aCLU$beng$erda$cCLU$dOCLCQ$dOCLCF$dOCLCQ$dOCLCO$dNNU
=050  \4$aLB1025$b.H477 1884
=100  1\$6880-01$aHerrick,$cMuallim,$eauthor.
=245  10$6880-02$aTaʻlim hakkında tasavvurat-i mütenevvie /$ceser-i Muallim Herrik.
=250  \\$6880-03$a1. defa.
=264  \1$6880-04$aKostantiniye [İstanbul] :$bMatbaa-yi Ebüzziya,$c1884.
=300  \\$a32 pages ;$c18 cm
=336  \\$atext$btxt$2rdacontent
=337  \\$aunmediated$bn$2rdamedia
=338  \\$avolume$bnc$2rdacarrier
=500  \\$aIn Turkish (Arabic script).
=500  \\$aRomanized record.
=500  \\$aImprint also has Hijri date 1301.
=500  \\$aSpecCol. c. 1 is bound in red leather, has watered silk endpaper and gilded edges. On front cover there are dedicatory inscriptions in Gold Ottoman Turkish and the sultanic seal (tuğra). The inscription in Ottoman Turkish reads: "el-sulṭân ibn el-sulṭân el-sulṭân al-ġâzî 'Abdülḥamîd H̲ân ḥażretlerının ṭaraf-i eşref mulûkânelerinden Vashington'da meclis-i mebʻûs̲an aʻżâʾından musyu Huvit ḥażretlerine ihdâ ettirilmiştir." On the back cover there are dedicatory inscriptions in English and French in gold and the symbol of the Ottoman state. The inscription in English reads: "Gift made by H.I.M. the Sultan Abdul-Hamid II to the honorable A.S. Hewitt[,] member of the House of Representatives in Washington[,] A.H. 1302 - 1884 A.D." The inscription in French reads: "Don fait par S.M.I le Sultan Abdul-Hamid II. a l'honorable M.A.S. Hewitt[,] membre de la Chambre des Representants a Washington[,] A.H. 1032 - 1884 A.D."$5NNU
=500  \\$aSpecCol. c. 1 was a gift of Abram Hewitt to the University of the City of New York. Accession number 8030L$5NNU
=510  4\$aÖzege, M.S. Eski harflerle,$c19621
=650  \0$aTeaching.
=650  \0$aEducation.
=650  \7$aEducation.$2fast$0(OCoLC)fst00902499
=650  \7$aTeaching.$2fast$0(OCoLC)fst01144565
=776  08$iOnline version:$aHerrick, Muallim.$tTaʻlim hakkında tasavvurat-i mütenevvie.$b1. defa.$dKostantiniye [İstanbul] : Matbaa-yi Ebüzziya, 1884$w(OCoLC)875858643
=700  1\$aHewitt, Abram S.$q(Abram Stevens),$d1822-1903,$edonor.$5NNU
=700  0\$aAbdülhamid$bII,$cSultan of the Turks,$d1842-1918.$5NNU
=880  1\$6100-01/$aهريك,$cمعلم.
=880  10$6245-02/$aتعليم حقنده تصورات متنوعه \$cاثر معلم هريك.
=880  \\$6250-03/$a1. دفعه.
=880  \1$6264-04/$aقسطنطنيه [استانبول] :$bمطبعههٔ ابو الضيا,$c1884.
=852  0\$aNNU$bBFALE$cFALEF$hLB1025$i.H477 1884$mNon-circulating$t1
=994  \\$aZ0$bZYU

