=LDR  02490nam a2200301 i 4500
=001  004218948
=004  004218948
=005  20161101124823.0
=008  151221s1884\\\\tu\af\\\\\\\\\000\0\ota\d
=040  \\$aNNU$beng$erda$cNNU
=043  \\$ae-gx---
=050  \4$aUA718.P9$bA466 1884
=066  \\$c(3
=245  00$6880-01$aAlmanyâ devlet-i faḫîmesi Prusyâ ordularının h̲idmât seferiyesiyle sonbaharda icrâ kılınan cesîm mânevralarina dâir talîmât ve nizâmât /$cmütercimi binbaş Refîḳ.
=264  \1$6880-02$a[Istanbul] :$bMekteb-i Fünûn-i Ḥarbiye-yi Şâhâne Maṭba'ası,$c1301 [1884]
=300  \\$a302 pages :$bIllustrations, folded plates ;$c18 cm.
=336  \\$atext$2rdacontent
=337  \\$aunmediated$2rdamedia
=338  \\$avolume$2rdacarrier
=500  \\$aSpecCol. c. 1 is bound in red leather, has watered silk endpaper and gilded edges. On front cover there are dedicatory inscriptions in Gold Ottoman Turkish and the sultanic seal (tuğra). The inscription in Ottoman Turkish reads: "el-sulṭân ibn el-sulṭân el-sulṭân al-ġâzî 'Abdülḥamîd Ḫân ḥażretlerının ṭaraf-i eşref mulûkânelerinden Vashington'da meclis-i mebʻûs̲an aʻżâʾından musyu Huvit ḥażretlerine ihdâ ettirilmiştir." On the back cover there are dedicatory inscriptions in English and French in gold and the symbol of the Ottoman state. The inscription in English reads: "Gift made by H.I.M. the Sultan Abdul-Hamid II to the honorable A.S. Hewitt[,] member of the House of Representatives in Washington[,] A.H. 1302 - 1884 A.D." The inscription in French reads: "Don fait par S.M.I le Sultan Abdul-Hamid II. a l'honorable M.A.S. Hewitt[,] membre de la Chambre des Representants a Washington[,] A.H. 1032 - 1884 A.D."$5NNU
=510  4\$aÖzege, M.S. Eski harflerle,$c509
=610  10$aTurkey.$bOrdu$y19th century.
=651  \0$aPrussia (Germany)$xHistory, Military.
=700  1\$aHewitt, Abram S.$q(Abram Stevens),$d1822-1903,$edonor.$5NNU
=700  0\$aAbdülhamid$bII,$cSultan of the Turks,$d1842-1918.$5NNU
=880  00$6245-01/$aالمانيا دولت فخيمهسى پروسيا اردولرینك خدمات سفريهسيله اجرا قلنان جسيم مانورهلرينه دائر تعليمات ونطامات \$cمترجمي بيكباش رفيق.
=880  \1$6264-02/$a[استانبول :[$bمكتب فنون حربيهٔ شاهانه مطبعهسى,$c1301 [1884]
=852  0\$aNNU$bBFALE$cFALES$hUA718.P9$iA466 1884$mNon-circulating$t1

