=LDR  02585cam a2200409 i 4500
=001  004224453
=003  OCoLC
=004  004224453
=005  20160127131301.0
=008  160112s1884\\\\tu\abf\\\\\\\\000\0\otao\
=010  \\$a2014428707
=035  \\$a(OCoLC)898334973
=040  \\$aDLC$beng$erda$cDLC$dOCLCO$dCGU$dOCLCO$dOCLCF$dNNU
=042  \\$apcc
=050  00$aGB55$b.C59 1884
=245  00$6880-01$aCoġrafya-yi ṭabîʻî ʻilmine esâs-i muh̲taṣar.
=246  30$aCoġrafya-yi ṭabîʻî
=264  \1$6880-02$aİstanbul :$bBoyaciyan Agop Maṭbaʻasında,$c1884.
=300  \\$a98 pages :$billustrations, 9 color maps ;$c32 cm.
=336  \\$atext$2rdacontent
=337  \\$aunmediated$2rdamedia
=338  \\$avolume$2rdacarrier
=500  \\$aSpecCol. c. 1 is bound in red leather, has watered silk endpaper and gilded edges. On front cover there are dedicatory inscriptions in Gold Ottoman Turkish and the sultanic seal (tuğra). The inscription in Ottoman Turkish reads: "el-sulṭân ibn el-sulṭân el-sulṭân al-ġazi 'Abdülḥamîd H̲ân ḥażretlerının ṭaraf-i eşref mulûkânelerinden Vashington'da meclis-i mebʻûs̲an aʻżâʾından musyu Huvit ḥażretlerine ihdâ ettirilmiştir." On the back cover there are dedicatory inscriptions in English and French in gold and the symbol of the Ottoman state. The inscription in English reads: "Gift made by H.I.M. the Sultan Abdul-Hamid II to the honorable A.S. Hewitt[,] member of the House of Representatives in Washington[,] A.H. 1302 - 1884 A.D." The inscription in French reads: "Don fait par S.M.I le Sultan Abdul-Hamid II. a l'honorable M.A.S. Hewitt[,] membre de la Chambre des Representants a Washington[,] A.H. 1032 - 1884 A.D."$5NNU
=500  \\$aSpecCol. c. 1 was a gift of Abram Hewitt to the University of the City of New York. Accession number 7912L$5NNU
=546  \\$aTurkish$bArabic script.
=510  4\$aÖzege, M.S. Eski harflerle,$c3130
=650  \0$aPhysical geography.
=650  \0$aGeography.
=650  \0$aEarth sciences.
=650  \7$aEarth sciences.$2fast$0(OCoLC)fst00900729
=650  \7$aGeography.$2fast$0(OCoLC)fst00940469
=650  \7$aPhysical geography.$2fast$0(OCoLC)fst01062647
=700  1\$aHewitt, Abram S.$q(Abram Stevens),$d1822-1903,$edonor.$5NNU
=700  0\$aAbdülhamid$bII,$cSultan of the Turks,$d1842-1918.$5NNU
=880  00$6245-01/$aجغرافياى طبيعى علمنه اساس مختصر.
=880  \1$6264-02/$aاستانبول :$bبوياجيان اغوب مطبعهسى,$c1884
=852  0\$aNNU$bBFALE$cFALES$hGB55$i.C59 1884$mNon-circulating$t1

