=LDR  02414cas a2200397 a 4500
=001  004224476
=003  OCoLC
=004  004224476
=005  20161101124901.0
=007  ta
=008  160112d18841884tu\uu\\\\\\\\\0\\\\0ota\c
=010  \\$a2008223354
=035  \\$a(OCoLC)42881500
=040  \\$aPUL$beng$cPUL$dCLU$dOCLCQ$dOCLCF$dNNU
=042  \\$apcc
=043  \\$aa-tu---
=050  14$aPL201$b.T85 1884
=066  \\$c(3
=245  00$6880-01$aṬulû.
=264  \1$6880-02$aIstanbul :$bM. Nuri,$c1884-1884.
=300  \\$av. ;$c22 cm.
=362  1\$aBegan with sene. 1, numara 1 (1300 [1884]); ceased with numara 9 (1300 [1884]).
=500  \\$aSpecCol. c. 1 is bound in red leather, has watered silk endpaper and gilded edges. On front cover there are dedicatory inscriptions in Gold Ottoman Turkish and the sultanic seal (tuğra). The inscription in Ottoman Turkish reads: "el-sulṭân ibn el-sulṭân el-sulṭân al-ġâzî 'Abdülḥamîd Ḫân ḥażretlerının ṭaraf-i eşref mulûkânelerinden Vashington'da meclis-i mebʻûs̲an aʻżâʾından musyu Huvit ḥażretlerine ihdâ ettirilmiştir." On the back cover there are dedicatory inscriptions in English and French in gold and the symbol of the Ottoman state. The inscription in English reads: "Gift made by H.I.M. the Sultan Abdul-Hamid II to the honorable A.S. Hewitt[,] member of the House of Representatives in Washington[,] A.H. 1302 - 1884 A.D." The inscription in French reads: "Don fait par S.M.I le Sultan Abdul-Hamid II. a l'honorable M.A.S. Hewitt[,] membre de la Chambre des Representants a Washington[,] A.H. 1032 - 1884 A.D."$5NNU
=500  \\$aSpecCol. c. 1 was a gift of Abram Hewitt to the University of the City of New York. Accession number 7958L$5NNU
=500  \\$aSpecCol. c.1 contains issues 1-6.$5NNU
=588  \\$aDescription based on: 1, numara 1 (1300 [1884]).
=588  \\$aLatest issue consulted: 9 (1300 [1884]).
=650  \0$aTurkish literature$vPeriodicals.
=776  08$iOnline version:$tTulû$w(OCoLC)657334990
=700  1\$aHewitt, Abram S.$q(Abram Stevens),$d1822-1903,$edonor.$5NNU
=700  0\$aAbdülhamid$bII,$cSultan of the Turks,$d1842-1918.$5NNU
=880  00$6245-01/$aطلوع.
=880  \1$6264-02/$aاستانبول :$bم. نوري،$c18841884.
=866  41$lBobst SpecCol Offsite$dPL201 .T85$e1601$j1-6
=852  0\$aNNU$bBFALE$cFALES$hPL201$i.T85$mNon-circulating$t1
=853  20$81$ano.$wx

