=LDR  02609cas a2200421 i 4500
=001  004224919
=003  OCoLC
=005  20161101124915.0
=008  160114d18841884tu\sr\p\\\\\\\0\\\\0ota\c
=010  \\$a2010223328
=035  \\$a(OCoLC)33167864
=040  \\$aIXA$beng$erda$cIXA$dOCL$dOCLCQ$dCLU$dNDD$dOCLCF$dOCLCO
=042  \\$apcc
=043  \\$aa-tu---
=050  14$aPL201$b.N48 1884
=066  \\$c(3
=245  00$6880-01$aNevruz.
=264  \1$aIzmir :$bM. Halid,$c1300 [1884]-
=300  \\$av. ;$c23 cm.
=310  \\$aSemimonthly
=336  \\$atext$btxt$2rdacontent
=337  \\$aunmediated$bn$2rdamedia
=338  \\$avolume$bnc$2rdacarrier
=362  1\$aBegan with cilt 1., cüz 1 (1 Mart 1300 [1884]); ceased with cilt 1., cüz 10. (15 Temmuz 1300 [1884])?
=500  \\$aSpecCol. c. 1 is bound in red leather, has watered silk endpaper and gilded edges. On front cover there are dedicatory inscriptions in Gold Ottoman Turkish and the sultanic seal (tuğra). The inscription in Ottoman Turkish reads: "el-sulṭân ibn el-sulṭân el-sulṭân al-ġâzî 'Abdülḥamîd Ḫân ḥażretlerının ṭaraf-i eşref mulûkânelerinden Vashington'da meclis-i mebʻûs̲an aʻżâʾından musyu Huvit ḥażretlerine ihdâ ettirilmiştir." On the back cover there are dedicatory inscriptions in English and French in gold and the symbol of the Ottoman state. The inscription in English reads: "Gift made by H.I.M. the Sultan Abdul-Hamid II to the honorable A.S. Hewitt[,] member of the House of Representatives in Washington[,] A.H. 1302 - 1884 A.D." The inscription in French reads: "Don fait par S.M.I le Sultan Abdul-Hamid II. a l'honorable M.A.S. Hewitt[,] membre de la Chambre des Representants a Washington[,] A.H. 1032 - 1884 A.D."$5NNU
=500  \\$aSpecCol. c. 1 was a gift of Abram Hewitt to the University of the City of New York. Accession number 8050L$5NNU
=510  4\$aÖzege, M.S. Eski harflerle,$c3745
=546  \\$aIn Ottoman Turkish$b(Arabic script).
=588  \\$aDescription based on: Cilt 1., cüz 1., numara 72 (1 Mart 1300 [1884]); title from cover.
=588  \\$aLatest issue consulted: Cilt 1., cüz 1., numara 72 (1 Mart 1300 [1884]).
=650  \0$aTurkish literature$vPeriodicals.
=650  \7$aTurkish literature.$2fast$0(OCoLC)fst01159487
=655  \7$aPeriodicals.$2fast$0(OCoLC)fst01411641
=700  1\$aHewitt, Abram S.$q(Abram Stevens),$d1822-1903,$edonor.$5NNU
=700  0\$aAbdülhamid$bII,$cSultan of the Turks,$d1842-1918.$5NNU
=880  00$6245-01/$aنوروز
=852  0\$aNNU$bBFALE$cFALES$mNon-circulating$hPL201$i.N48 1884$t1
=994  \\$aZ0$bZYU

