=LDR  02247nam a2200265 i 4500
=001  004224930
=004  004224930
=005  20161101124928.0
=008  160114s1884\\\\tu\d\\\\\b\\\\000\0\ota\d
=040  \\$aNNU$beng$erda$cNNU
=050  \4$aAY1187$b.R43 1884
=245  00$6880-01$aRebî'-i marifet :$b1300 sene-yi ḳameriyesine müṣâdif 1261 sene-yi şemsiyesi için takvîm-i Ebüz̲z̲iyâ (üçüncü sene).
=264  \1$6880-02$aḲosṭanṭiniye [Istanbul] :$bMaṭba'a-yi Ebüz̲z̲iyâ,$c1300 [1884]
=300  \\$a82 pages, [12] unnumber pages :$c18 cm.
=336  \\$atext$2rdacontent
=337  \\$aunmediated$2rdamedia
=338  \\$avolume$2rdacarrier
=500  \\$aSpecCol. c. 1 is bound in red leather, has watered silk endpaper and gilded edges. On front cover there are dedicatory inscriptions in Gold Ottoman Turkish and the sultanic seal (tuğra). The inscription in Ottoman Turkish reads: "el-sulṭân ibn el-sulṭân el-sulṭân al-ġâzî 'Abdülḥamîd Ḫân ḥażretlerının ṭaraf-i eşref mulûkânelerinden Vashington'da meclis-i mebʻûs̲an aʻżâʾından musyu Huvit ḥażretlerine ihdâ ettirilmiştir." On the back cover there are dedicatory inscriptions in English and French in gold and the symbol of the Ottoman state. The inscription in English reads: "Gift made by H.I.M. the Sultan Abdul-Hamid II to the honorable A.S. Hewitt[,] member of the House of Representatives in Washington[,] A.H. 1302 - 1884 A.D." The inscription in French reads: "Don fait par S.M.I le Sultan Abdul-Hamid II. a l'honorable M.A.S. Hewitt[,] membre de la Chambre des Representants a Washington[,] A.H. 1032 - 1884 A.D."$5NNU
=500  \\$aSpecCol. c. 1 was a gift of Abram Hewitt to the University of the City of New York. Accession number 7907L$5NNU
=650  \0$aAlmanac, Turkish.
=700  1\$aHewitt, Abram S.$q(Abram Stevens),$d1822-1903,$edonor.$5NNU
=700  0\$aAbdülhamid$bII,$cSultan of the Turks,$d1842-1918.$5NNU
=880  00$6245-01/$aربيع معرفت :$b1300 سنه قمريهسنه مصادف 1261 سنه شمسيهسيجون تقويم ابو الضيا.
=880  \1$6264-02/$aقسطنطنيه :$bمطبعه ابو الضيا,$c1300 [1884]
=852  0\$aNNU$bBFALE$cFALES$hAY1187$i.R43 1884$mNon-circulating$t1

