=LDR  02080cas a22003255i 4500
=001  004305489
=003  OCoLC
=005  20160526163412.0
=007  ta
=008  160518u1884uuuutu\uu\|\\\\\\\0\\\f0otard
=035  \\$a(OCoLC)269216045
=040  \\$aCSt-H$beng$erda$cHIN$dNNU
=050  \4$aPL201$b.H38
=245  00$6880-01$aHaver.
=264  \1$aIstanbul.
=300  \\$aVolumes ;$c26 cm.
=336  \\$atext$2rdacontent
=337  \\$aunmediated$2rdamedia
=338  \\$avolume$2rdacarrier
=500  \\$aFirst issue published in 15 Jumaza ül-Ahira 1301 [April 12, 1884].
=500  \\$aSpecCol. c. 1 is bound in red leather, has watered silk endpaper and gilded edges. On front cover there are dedicatory inscriptions in Gold Ottoman Turkish and the sultanic seal (tuğra). The inscription in Ottoman Turkish reads: "el-sulṭân ibn el-sulṭân el-sulṭân al-ġâzî 'Abdülḥamîd H̲ân ḥażretlerının ṭaraf-i eşref mulûkânelerinden Vashington'da meclis-i mebʻûs̲an aʻżâʾından musyu Huvit ḥażretlerine ihdâ ettirilmiştir." On the back cover there are dedicatory inscriptions in English and French in gold and the symbol of the Ottoman state. The inscription in English reads: "Gift made by H.I.M. the Sultan Abdul-Hamid II to the honorable A.S. Hewitt[,] member of the House of Representatives in Washington[,] A.H. 1302 - 1884 A.D." The inscription in French reads: "Don fait par S.M.I le Sultan Abdul-Hamid II. a l'honorable M.A.S. Hewitt[,] membre de la Chambre des Representants a Washington[,] A.H. 1032 - 1884 A.D."$5NNU
=500  \\$aSpecCol. c. 1 vol. 1 was a gift of Abram Hewitt to the University of the City of New York. Accession number 7821L$5NNU
=650  \0$aTurkish literature$vPeriodicals.
=700  1\$aHewitt, Abram S.$q(Abram Stevens),$d1822-1903,$edonor.$5NNU
=700  0\$aAbdülhamid$bII,$cSultan of the Turks,$d1842-1918.$5NNU
=880  00$6245-01/$aخاور.
=866  41$lBobst SpecCol$dPL201 .H38$e1605$j1-3$k1884
=852  0\$aNNU$bBFALE$cFALES$hPL201$i.H38$mNon-circulating
=853  20$81$ano.$i(year)$wx
=994  \\$aZ0$bZYU

