=LDR  03681cam a2200577 i 4500
=001  004236373
=003  OCoLC
=004  004236373
=005  20161101124627.0
=008  160218s1884\\\\tu\\\\\\\\\\\\000\0cota\d
=010  \\$a2014371839
=035  \\$a(OCoLC)21475031
=040  \\$aCLU$beng$erda$cCLU$dDLC$dUKSMC$dDDO$dOCLCF$dOCLCO$dOCLCQ$dNNU
=042  \\$alccopycat
=043  \\$aa-tu---
=050  00$aDS51.B8$bI86 1884
=066  \\$c(3$c(4
=100  0\$6880-01$aİsmail Beliğ,$d1668-1729 or 1730.
=245  10$6880-02$aGüldeste-yi riyaz-i irfan ve vefiyat-i danişveran-i nadiredan /$ces-Seyyit Ĭsmail Beliğ Efendi Bursavı̂.
=246  1\$6880-03$iAt head of title:$aTarih-i Bursa
=246  16$6880-04$aGüldeste-yi Beliğ
=246  3\$aGüldeste-i riyaz-i irfan ve vefeyât-i danisverân-i nadiredân
=260  \\$6880-05$a[Bursa] :$bHüdavendigâr Vilayeti Matbaası,$c1302 [1884]
=300  \\$a80 pages [out of 543 pages] ;$c25 cm
=336  \\$atext$btxt$2rdacontent
=337  \\$aunmediated$bn$2rdamedia
=338  \\$avolume$bnc$2rdacarrier
=546  \\$aTurkish;$bArabic script.
=500  \\$aAt head of title: Tarih-i Bursa.
=500  \\$aCaption title: Güldeste-yi Beliğ.
=500  \\$a"Tabii Bursalı Eşref bin Ali Bey'dir."
=500  \\$aImprint from colophon.
=500  \\$aSpecCol. c. 1 is incomplete. Contains the first 80 pages.$5NNU
=500  \\$aSpecCol. c. 1 is bound in red leather, has watered silk endpaper and gilded edges. On front cover there are dedicatory inscriptions in Gold Ottoman Turkish and the sultanic seal (tuğra). The inscription in Ottoman Turkish reads: "el-sulṭân ibn el-sulṭân el-sulṭân al-ġâzî 'Abdülḥamîd Ḫân ḥażretlerının ṭaraf-i eşref mulûkânelerinden Vashington'da meclis-i mebʻûs̲an aʻżâʾından musyu Huvit ḥażretlerine ihdâ ettirilmiştir." On the back cover there are dedicatory inscriptions in English and French in gold and the symbol of the Ottoman state. The inscription in English reads: "Gift made by H.I.M. the Sultan Abdul-Hamid II to the honorable A.S. Hewitt[,] member of the House of Representatives in Washington[,] A.H. 1302 - 1884 A.D." The inscription in French reads: "Don fait par S.M.I le Sultan Abdul-Hamid II. a l'honorable M.A.S. Hewitt[,] membre de la Chambre des Representants a Washington[,] A.H. 1032 - 1884 A.D."$5NNU
=500  \\$aSpecCol. c. 1 was a gift of Abram Hewitt to the University of the City of New York. Accession number 7990L$5NNU
=510  4\$aÖzege, M.S. Eski harflerle,$c6386
=651  \0$aBursa (Turkey)$vBiography.
=651  \0$aBursa (Turkey)$xHistory.
=651  \7$aTurkey$zBursa.$2fast$0(OCoLC)fst01234358
=655  \7$aBiography.$2fast$0(OCoLC)fst01423686
=655  \7$aHistory.$2fast$0(OCoLC)fst01411628
=776  08$iOnline version:$aBeliğ, İsmail, 1668-1729.$tGüldeste-yi riyaz-i irfan ve vefiyat-i danişveran-i nadiredan.$d[Bursa] : Hüdavendigâr Vilayeti Matbaası, 1302 [1884 or 1885]$w(OCoLC)610246004
=700  1\$aHewitt, Abram S.$q(Abram Stevens),$d1822-1903,$edonor.$5NNU
=700  0\$aAbdülhamid$bII,$cSultan of the Turks,$d1842-1918.$5NNU
=880  0\$6100-01/$aاسماعيل بليغ افندئ بروسه وى.
=880  10$6245-02/$aكلدستهء رياض عرفان و وفيات دانشوران نادرهدان /$cاسماعيل بليغ افندي البروسوي.
=880  1\$6246-03/$iAt head of title:$aتاريخ بروسه
=880  16$6246-04/$aكلدستۀ بليغ
=880  \\$6260-05/$a[Bursa] :$bخداوندكار ولايتى مطبعه سى،$c1302 [1885].
=852  0\$aNNU$bBFALE$cFALES$hDS51.B8$iI86 1884$mNon-circulating$t1
=994  \\$aZ0$bZYU

