=LDR  03009cam a2200409 i 4500
=001  004264947
=003  OCoLC
=004  004264947
=005  20160323124142.0
=008  160323s1884\\\\tu\\\\\\\\\\\\000\0\araod
=035  \\$a(OCoLC)11541369
=040  \\$aWAU$beng$erda$cWAU$dOCLCG$dOCLCQ$dOCLCO$dNNU
=041  1\$aara$hfre
=050  \4$aGB53$b.L3512 1884
=100  1\$aLamouroux,$cM.$q(Jean Vincent Félix),$d1779-1825,$eauthor.
=240  10$aRésumé d'un cours élémentaire de géographie.$lArabic
=245  13$6880-01$aal-Dirāsah al-awwalīyah fī al-jughrāfīyah al-ṭabīʻīyah /$ctarjamahā min al-lughah al-Faransāwīyah ilá al-lughah al-ʻArabīyah Aḥmad Ḥasan al-Rashīdī al-Miṣrī.
=250  \\$6880-02$aal-Ṭabʻah 2.
=264  \1$6880-03$aQusṭanṭīnīyah :$bMaṭbaʻat al-Jawāʼib,$c1301 [1884]
=300  \\$a7, 216 pages ;$c24 cm
=336  \\$atext$btxt$2rdacontent
=337  \\$aunmediated$bn$2rdamedia
=338  \\$avolume$bnc$2rdacarrier
=500  \\$aTranslation of: Résumé d'un cours élémentaire de géographie.
=500  \\$aSpecCol. c. 1 is bound in red leather, has watered silk endpaper and gilded edges. On front cover there are dedicatory inscriptions in Gold Ottoman Turkish and the sultanic seal (tuğra). The inscription in Ottoman Turkish reads: "el-sulṭân ibn el-sulṭân el-sulṭân al-ġâzî 'Abdülḥamîd H̲ân ḥażretlerının ṭaraf-i eşref mulûkânelerinden Vashington'da meclis-i mebʻûs̲an aʻżâʾından musyu Huvit ḥażretlerine ihdâ ettirilmiştir." On the back cover there are dedicatory inscriptions in English and French in gold and the symbol of the Ottoman state. The inscription in English reads: "Gift made by H.I.M. the Sultan Abdul-Hamid II to the honorable A.S. Hewitt[,] member of the House of Representatives in Washington[,] A.H. 1302 - 1884 A.D." The inscription in French reads: "Don fait par S.M.I le Sultan Abdul-Hamid II. a l'honorable M.A.S. Hewitt[,] membre de la Chambre des Representants a Washington[,] A.H. 1032 - 1884 A.D."$5NNU
=500  \\$aSpecCol. c. 1 was a gift of Abram Hewitt to the University of the City of New York. Accession number 7875L$5NNU
=650  \0$aPhysical geography$vTextbooks$y1800-1870.
=700  1\$6880-04$aRashīdī, Aḥmad Ḥasan,$etranslator.
=700  1\$aHewitt, Abram S.$q(Abram Stevens),$d1822-1903,$edonor.$5NNU
=700  0\$aAbdülhamid$bII,$cSultan of the Turks,$d1842-1918.$5NNU
=710  2\$6880-05$aMaṭbaʻat al-Jawāʼib.
=880  12$6245-01/$aالدراسة الاولية في الجغرافية الطبيعية \$cترجمها من اللغة الفرنساوية الى اللغة العربية احمد حسن الرشيدي المصري.
=880  \\$6250-02/$aالطبعة 2.
=880  \1$6264-03/$aقسطنطنية :$bمطبعة الجوائب,$c1301 [1884]
=880  1\$6700-04/$aرشيدي, احمد حسن.
=880  2\$6710-05/$aمطبعة الجوائب.
=852  0\$aNNU$bBFALE$cFALES$hGB53$i.L3512 1884$mNon-circulating$t1

