=LDR  02202cam a22002895i 4500
=001  004305481
=003  OCoLC
=004  004305481
=005  20160518144411.0
=008  160518s1884\\\\tu\\\\\\\\\\\\000\0\ota\d
=035  \\$a(OCoLC)949579187
=040  \\$aBGZ$beng$erda$cBGZ$dOCLCO$dNNU
=050  \4$aPL216$b.M445 1884
=100  0\$6880-01$aMehmet Hilmi,$eauthor.
=245  10$6880-02$aBahariye-i edebiyat ve mütenevvia-i ulum ve hikayat ve muzikat /$cMehmed Hilmi.
=264  \1$a[İstanbul :$bs.n,$cca. 1300 /1884]
=300  \\$avolumes ;$c25 cm.
=500  \\$a"Ser levhalarıyla Osmanlı menafiine hıdmet eder haftalık Dersaadet edebiyat risalesidir."
=500  \\$aSpecCol. c. 1 is bound in red leather, has watered silk endpaper and gilded edges. On front cover there are dedicatory inscriptions in Gold Ottoman Turkish and the sultanic seal (tuğra). The inscription in Ottoman Turkish reads: "el-sulṭân ibn el-sulṭân el-sulṭân al-ġâzî 'Abdülḥamîd H̲ân ḥażretlerının ṭaraf-i eşref mulûkânelerinden Vashington'da meclis-i mebʻûs̲an aʻżâʾından musyu Huvit ḥażretlerine ihdâ ettirilmiştir." On the back cover there are dedicatory inscriptions in English and French in gold and the symbol of the Ottoman state. The inscription in English reads: "Gift made by H.I.M. the Sultan Abdul-Hamid II to the honorable A.S. Hewitt[,] member of the House of Representatives in Washington[,] A.H. 1302 - 1884 A.D." The inscription in French reads: "Don fait par S.M.I le Sultan Abdul-Hamid II. a l'honorable M.A.S. Hewitt[,] membre de la Chambre des Representants a Washington[,] A.H. 1032 - 1884 A.D."$5NNU
=500  \\$aSpecCol. c. 1 vol. 1 was a gift of Abram Hewitt to the Library of New York University. Accession number 30488.$5NNU
=650  \0$aTurkish literature.
=700  1\$aHewitt, Abram S.$q(Abram Stevens),$d1822-1903,$edonor.$5NNU
=700  0\$aAbdülhamid$bII,$cSultan of the Turks,$d1842-1918.$5NNU
=880  0\$6100-01/$aمحمد حلمى.
=880  10$6245-02/$aبهاريه ادبيات ومتنوعه علوم وحكايات ومضحكات \$cمحمد حلمى.
=852  0\$aNNU$bBFALE$cFALES$hPL216$i.M445 1884$mNon-circulating$t1
=994  \\$aZ0$bZYU

