=LDR  03180cam a2200445 i 4500
=001  004273356
=003  OCoLC
=004  004273356
=005  20160414143049.0
=008  160414s1884\\\\tu\\\\\\\\\\\\000\0\araod
=035  \\$a(OCoLC)11601583
=040  \\$aWAU$beng$cWAU$dOCL$dOCLCQ$dOCLCG$dOCLCO$dOCLCQ$dOCLCF$dOCLCQ
=050  \4$aBP178$b.M83 1884
=066  \\$c(3$c(4
=100  0\$6880-01$aMuḥammad Ṣiddīq Ḥasan,$cNawab of Bhopal,$d1832-1890.
=240  10$aNuzul al-abrār
=245  10$6880-02$aNuzul al-abrār bi-al-ʻilm al-maʼthūr min al-adʻīyah wa-al-adhkār /$cMuḥammad Ṣiddīq Ḥasan.
=250  \\$6880-03$aal-Ṭabʻah 1.
=264  \1$6880-04$aQusṭanṭīnīyah :$bMaṭbaʻat al-Jawāʼib,$c1301 [1884]
=300  \\$a16, 404, 8 pages ;$c27 cm
=336  \\$atext$btxt$2rdacontent
=337  \\$aunmediated$bn$2rdamedia
=338  \\$avolume$bnc$2rdacarrier
=500  \\$aSpecCol. c. 1 is bound in red leather, has watered silk endpaper and gilded edges. On front cover there are dedicatory inscriptions in Gold Ottoman Turkish and the sultanic seal (tuğra). The inscription in Ottoman Turkish reads: "el-sulṭân ibn el-sulṭân el-sulṭân al-ġâzî 'Abdülḥamîd H̲ân ḥażretlerının ṭaraf-i eşref mulûkânelerinden Vashington'da meclis-i mebʻûs̲an aʻżâʾından musyu Huvit ḥażretlerine ihdâ ettirilmiştir." On the back cover there are dedicatory inscriptions in English and French in gold and the symbol of the Ottoman state. The inscription in English reads: "Gift made by H.I.M. the Sultan Abdul-Hamid II to the honorable A.S. Hewitt[,] member of the House of Representatives in Washington[,] A.H. 1302 - 1884 A.D." The inscription in French reads: "Don fait par S.M.I le Sultan Abdul-Hamid II. a l'honorable M.A.S. Hewitt[,] membre de la Chambre des Representants a Washington[,] A.H. 1032 - 1884 A.D."$5NNU
=500  \\$aSpecCol. c. 1 was a gift of Abram Hewitt to the Library of New York University. Accession number 34084.$5NNU
=650  \0$aPrayer$xIslam.
=650  \0$aIslam$xCustoms and practices.
=650  \7$aIslam$xCustoms and practices.$2fast$0(OCoLC)fst00979785
=650  \7$aPrayer$xIslam.$2fast$0(OCoLC)fst01074698
=700  1\$aHewitt, Abram S.$q(Abram Stevens),$d1822-1903,$edonor.$5NNU
=700  0\$aAbdülhamid$bII,$cSultan of the Turks,$d1842-1918.$5NNU
=710  2\$6880-05$aMaṭbaʻat al-Jawāʼib,$epublisher.
=776  08$iOnline version:$aMuḥammad Ṣiddīq Ḥasan, Nawab of Bhopal, 1832-1890.$sNuzul al-abrār.$tNuzul al-abrār bi-al-ʻilm al-maʼthūr min al-adʻīyah wa-al-adhkār.$bal-Ṭabʻah 1.$dQusṭanṭīnīyah : Maṭbaʻat al-Jawāʼib, 1301 [1884]$w(OCoLC)798510593
=880  0\$6100-01/$aمحمد صديق حسن،$cملك بهوپال.
=880  10$6245-02/$aنزل الأبرار بالعلم المأثور من الأدعية والأذکار /$cالسيد محمد صديق حسن خان.
=880  \\$6250-03/$aالطبعة ١.
=880  \1$6264-04/$aقسطنطينية :$bمطبعة الجوائب،$c١٣٠١.
=880  2\$6710-05/$aمطبعة الجوائب.
=852  0\$aNNU$bBFALE$cFALES$hBP178$i.M83 1884$mNon-circulating$t1
=994  \\$aZ0$bZYU

