=LDR  02403nam a2200373 i 4500
=001  004276495
=005  20160422153814.0
=007  ta
=008  160422s1884\\\\tu\\\\\\\\\\\\000\0\ara\d
=040  \\$aNNU$beng$erda$cNNU
=050  \4$aPJ6151.I173$bJ3536 1884
=100  0\$6880-01$aMuḥarram Afandī,$eauthor.
=245  13$6880-02$aal-Muḥarram
=264  \1$6880-03$aIstanbul :$bMaṭbaʻa-yi ʻÂmire,$c1301 [1884]
=300  \\$a2 volumes ;$c23 cm.
=336  \\$atext$2rdacontent
=337  \\$aunmediated$2rdamedia
=338  \\$avolume$2rdacarrier
=500  \\$aSpecCol. c. 1 is bound in red leather, has watered silk endpaper and gilded edges. On front cover there are dedicatory inscriptions in Gold Ottoman Turkish and the sultanic seal (tuğra). The inscription in Ottoman Turkish reads: "el-sulṭân ibn el-sulṭân el-sulṭân al-ġâzî 'Abdülḥamîd H̲ân ḥażretlerının ṭaraf-i eşref mulûkânelerinden Vashington'da meclis-i mebʻûs̲an aʻżâʾından musyu Huvit ḥażretlerine ihdâ ettirilmiştir." On the back cover there are dedicatory inscriptions in English and French in gold and the symbol of the Ottoman state. The inscription in English reads: "Gift made by H.I.M. the Sultan Abdul-Hamid II to the honorable A.S. Hewitt[,] member of the House of Representatives in Washington[,] A.H. 1302 - 1884 A.D." The inscription in French reads: "Don fait par S.M.I le Sultan Abdul-Hamid II. a l'honorable M.A.S. Hewitt[,] membre de la Chambre des Representants a Washington[,] A.H. 1032 - 1884 A.D."$5NNU
=500  \\$aSpecCol. c. 1 was a gift of Abram Hewitt to the Library of New York University. Accession number 30496.$5NNU
=504  \\$aIncludes bibliographical references.
=600  10$aIbn al-Ḥājib, ʻUthmān ibn ʻUmar,$d1175-1249.$tKāfiyah.
=600  00$aJāmī,$d1414-1492.$tFawāʼid al-Ḍiyāʼīyah.
=700  1\$aHewitt, Abram S.$q(Abram Stevens),$d1822-1903,$edonor.$5NNU
=700  0\$aAbdülhamid$bII,$cSultan of the Turks,$d1842-1918.$5NNU
=710  2\$6880-05$aMaṭbaʻa-yi ʻÂmire,$epublisher.
=880  1\$6100-01/$aمحرم افندي.
=880  13$6245-02/$aالمحرم.
=880  \1$6264-03/$aاستانبول :$bمطبعهٔ عامره,$c1301 [1884]
=880  2\$6710-05/$aمطبعهٔ عامره.
=852  0\$aNNU$bBFALE$cFALES$hPJ6151.I173$iJ3536 1884$mNon-circulating
=853  20$81$av.
=863  \\$81.1$a1
=863  \\$81.2$a2

