=LDR  02519cam a22003855i 4500
=001  004259853
=003  OCoLC
=004  004259853
=005  20161101124652.0
=008  160304s1884\\\\tu\\\\\\\\\\\\000\0\ota\d
=035  \\$a(OCoLC)45965918
=040  \\$aZCU$beng$erda$cZCU$dOCLCQ$dNNU
=043  \\$aa-tu---
=050  14$aDR486$b.K44 1884
=100  0\$6880-01$aNamık Kemal,$d1840-1888.
=245  10$6880-02$aEvrak-i perişan /$ceser-i Kemal.
=264  \1$6880-02$aİstanbul :$bMatbaa-i Osmaniye,$c1301 [1884]
=300  \\$a379 pages ;$c16 cm
=336  \\$atext$btxt$2rdacontent
=337  \\$aunmediated$bn$2rdamedia
=338  \\$avolume$bnc$2rdacarrier
=505  1\$aDevr-i istilâ -- Teracim-i ahval-ı Salahaddin -- Teracim-i ahval-ı Fatih -- Teracim-i ahval-ı Sultan Selim.
=500  \\$aSpecCol. c. 1 is bound in red leather, has watered silk endpaper and gilded edges. On front cover there are dedicatory inscriptions in Gold Ottoman Turkish and the sultanic seal (tuğra). The inscription in Ottoman Turkish reads: "el-sulṭân ibn el-sulṭân el-sulṭân al-ġâzî 'Abdülḥamîd Ḫân ḥażretlerının ṭaraf-i eşref mulûkânelerinden Vashington'da meclis-i mebʻûs̲an aʻżâʾından musyu Huvit ḥażretlerine ihdâ ettirilmiştir." On the back cover there are dedicatory inscriptions in English and French in gold and the symbol of the Ottoman state. The inscription in English reads: "Gift made by H.I.M. the Sultan Abdul-Hamid II to the honorable A.S. Hewitt[,] member of the House of Representatives in Washington[,] A.H. 1302 - 1884 A.D." The inscription in French reads: "Don fait par S.M.I le Sultan Abdul-Hamid II. a l'honorable M.A.S. Hewitt[,] membre de la Chambre des Representants a Washington[,] A.H. 1032 - 1884 A.D."$5NNU
=500  \\$aSpecCol. c. 1 was a gift of Abram Hewitt to the University of the City of New York. Accession number 7911L$5NNU
=510  4\$aÖzege, M.S. Eski harflerle,$c5315
=650  \0$aTurkic peoples$xKings and rulers$vBiography.
=651  \0$aTurkey$xHistory$yTo 1453.
=651  \0$aTurkey$xHistory$y1453-1683.
=700  1\$aHewitt, Abram S.$q(Abram Stevens),$d1822-1903,$edonor.$5NNU
=700  0\$aAbdülhamid$bII,$cSultan of the Turks,$d1842-1918.$5NNU
=880  0\$6100-01/$aنامق كمال.
=880  10$6245-02/$aاوراق پريشان \$cاثر كمال.
=880  \1$6264-02/$aاستانبول :$bمطبعهٔ عثمانيه,$c1301 [1885]
=852  0\$aNNU$bBFALE$cFALEF$hDR486$i.K44 1884$mNon-circulating$t1
=994  \\$aZ0$bZYU

