=LDR  02501cam a22003975i 4500
=001  004276475
=003  OCoLC
=004  004276475
=005  20160422115325.0
=008  160422s1884\\\\tu\\\\\\\\\\\\000\0\ota\d
=035  \\$a(OCoLC)654133048
=040  \\$aCLU$beng$erda$cCLU$dOCLCF$dOCLCO$dOCLCQ$dNNU
=043  \\$aa-tu---
=050  \4$aGN635.T82$bO86 1884
=100  1\$6880-01$aOsman,$eauthor.
=245  10$6880-02$aİlm-i ahval-i akvam /$cOsman.
=264  \1$6880-03$aİstanbul :$bMahmud Bey matbaası,$c1301 [1884]
=300  \\$a48 pages ;$c17 cm
=336  \\$atext$btxt$2rdacontent
=337  \\$aunmediated$bn$2rdamedia
=338  \\$avolume$bnc$2rdacarrier
=500  \\$aSpecCol. c. 1 is bound in red leather, has watered silk endpaper and gilded edges. On front cover there are dedicatory inscriptions in Gold Ottoman Turkish and the sultanic seal (tuğra). The inscription in Ottoman Turkish reads: "el-sulṭân ibn el-sulṭân el-sulṭân al-ġâzî 'Abdülḥamîd H̲ân ḥażretlerının ṭaraf-i eşref mulûkânelerinden Vashington'da meclis-i mebʻûs̲an aʻżâʾından musyu Huvit ḥażretlerine ihdâ ettirilmiştir." On the back cover there are dedicatory inscriptions in English and French in gold and the symbol of the Ottoman state. The inscription in English reads: "Gift made by H.I.M. the Sultan Abdul-Hamid II to the honorable A.S. Hewitt[,] member of the House of Representatives in Washington[,] A.H. 1302 - 1884 A.D." The inscription in French reads: "Don fait par S.M.I le Sultan Abdul-Hamid II. a l'honorable M.A.S. Hewitt[,] membre de la Chambre des Representants a Washington[,] A.H. 1032 - 1884 A.D."$5NNU
=500  \\$aSpecCol. c. 1 was a gift of Abram Hewitt to the University of the City of New York. Accession number 7872L$5NNU
=510  4\$aÖzege, M.S. Eski harflerle,$c8821
=650  \0$aEthnology.
=650  \0$aEthnology$zTurkey$y19th century.
=650  \7$aEthnology.$2fast$0(OCoLC)fst00916106
=700  1\$aHewitt, Abram S.$q(Abram Stevens),$d1822-1903,$edonor.$5NNU
=700  0\$aAbdülhamid$bII,$cSultan of the Turks,$d1842-1918.$5NNU
=710  2\$6880-04$aMaḥmûd Bey maṭbaʻası,$epublisher.
=880  1\$6100-01/$aعثمان.
=880  10$6245-02/$aعلم احوال اقوام \$cعثمان.
=880  \1$6264-03/$aاستانبول :$bمحمود بك مطبعهسى,$c1301 [1884]
=880  2\$6710-04/$aمحمود بك مطبعهسى.
=852  0\$aNNU$bBFALE$cFALES$hGN635.T82$iO86 1884$mNon-circulating$t1
=994  \\$aZ0$bZYU

