=LDR  02498nam a2200361 i 4500
=001  004276491
=004  004276491
=005  20160422151648.0
=008  160422s1884\\\\tu\\\\\\\\\\\\000\0\ota\d
=040  \\$aNNU$beng$erda$cNNU
=043  \\$aa-tu---
=050  \4$aPQ2235.D46$bB6819 1884
=100  1\$aPaul Duplessis,$d1820-1860,$eauthor.
=240  10$aBoucaniers.$lOttoman Turkish.
=245  10$6880-01$aBûkâniyeler /$cPol Dublesi ; mütercimi Reşît Bahâettîn.
=264  \1$6880-02$aİstanbul :$bMihrân Maṭbaʻası,$c1301 [1884]
=300  \\$a234 pages ;$c24 cm.
=336  \\$atext$2rdacontent
=337  \\$aunmediated$2rdamedia
=338  \\$avolume$2rdacarrier
=500  \\$aSpecCol. c. 1 is bound in red leather, has watered silk endpaper and gilded edges. On front cover there are dedicatory inscriptions in Gold Ottoman Turkish and the sultanic seal (tuğra). The inscription in Ottoman Turkish reads: "el-sulṭân ibn el-sulṭân el-sulṭân al-ġâzî 'Abdülḥamîd H̲ân ḥażretlerının ṭaraf-i eşref mulûkânelerinden Vashington'da meclis-i mebʻûs̲an aʻżâʾından musyu Huvit ḥażretlerine ihdâ ettirilmiştir." On the back cover there are dedicatory inscriptions in English and French in gold and the symbol of the Ottoman state. The inscription in English reads: "Gift made by H.I.M. the Sultan Abdul-Hamid II to the honorable A.S. Hewitt[,] member of the House of Representatives in Washington[,] A.H. 1302 - 1884 A.D." The inscription in French reads: "Don fait par S.M.I le Sultan Abdul-Hamid II. a l'honorable M.A.S. Hewitt[,] membre de la Chambre des Representants a Washington[,] A.H. 1032 - 1884 A.D."$5NNU
=500  \\$aSpecCol. c. 1 was a gift of Abram Hewitt to the University of the City of New York. Accession number 7937L$5NNU
=510  4\$aÖzege, M.S. Eski harflerle,$c2617
=650  \0$aFrench literature$zTurkey$y19th century.
=700  1\$6880-03$aReşît Bahâettîn,$etranslator.
=700  1\$aHewitt, Abram S.$q(Abram Stevens),$d1822-1903,$edonor.$5NNU
=700  0\$aAbdülhamid$bII,$cSultan of the Turks,$d1842-1918.$5NNU
=710  2\$6880-04$aMihrân Maṭbaʻası,$epublisher.
=880  10$6245-01/$aبوقانيهلر \$cپول دوبلهسى ؛ مترجمى رشيد بهاء الدين.
=880  \1$6264-02/$aاستانبول :$bمهران مطبعهسى,$c1301 [1884]
=880  1\$6700-03/$aرشيد بهاء الدين.
=880  2\$6710-04/$aمهران مطبعهسى.
=852  \\$aNNU$bBFALE$cFALES$mNon-circulating$t1

