=LDR  02331nam a2200349 i 4500
=001  004212632
=005  20161101124707.0
=007  ta
=008  151203s1884\\\\tu\\\\\\\b\\\\000\0\eng\d
=040  \\$aNNU$beng$erda$cNNU
=041  \\$aeng$aota
=050  \4$aPL191$b.R52x 1884
=066  \\$c(3
=100  1\$aRedhouse, James W.$q(James William),$cSir,$d1811-1892.
=240  10$6880-01$aKitâb-i maʻânî-yi lehçe
=245  12$aA Turkish and English lexicon :$bshewing in English the significations of the Turkish terms /$cby Sir James W. Redhouse.
=264  \1$aConstantinople :$bPrinted for the American Mission by A.H. Boyajian,$c1884.
=300  \\$aVolumes ;$c27 cm.
=336  \\$atext$2rdacontent
=337  \\$aunmediated$2rdamedia
=338  \\$avolume$2rdacarrier
=500  \\$aSpecCol. c. 1 is bound in red leather, has watered silk endpaper and gilded edges. On front cover there are dedicatory inscriptions in Gold Ottoman Turkish and the sultanic seal (tuğra). The inscription in Ottoman Turkish reads: "el-sulṭân ibn el-sulṭân el-sulṭân al-ġâzî 'Abdülḥamîd Ḫân ḥażretlerının ṭaraf-i eşref mulûkânelerinden Vashington'da meclis-i mebʻûs̲an aʻżâʾından musyu Huvit ḥażretlerine ihdâ ettirilmiştir." On the back cover there are dedicatory inscriptions in English and French in gold and the symbol of the Ottoman state. The inscription in English reads: "Gift made by H.I.M. the Sultan Abdul-Hamid II to the honorable A.S. Hewitt[,] member of the House of Representatives in Washington[,] A.H. 1302 - 1884 A.D." The inscription in French reads: "Don fait par S.M.I le Sultan Abdul-Hamid II. a l'honorable M.A.S. Hewitt[,] membre de la Chambre des Representants a Washington[,] A.H. 1032 - 1884 A.D."$5NNU
=500  \\$aSpecCol. c. 1 was a gift of Abram Hewitt to the University of the City of New York. Accession number 7811L$5NNU
=510  4\$aÖzege, M.S. Eski harflerle,$c25047
=650  \0$aTurkish language$vDictionaries$xEnglish.
=740  0\$aKitab-i maani-yi lehçe.
=700  1\$aHewitt, Abram S.$q(Abram Stevens),$d1822-1903,$edonor.$5NNU
=700  0\$aAbdülhamid$bII,$cSultan of the Turks,$d1842-1918.$5NNU
=880  10$6240-01/$aكتاب معاني لهجه
=852  0\$aNNU$bBFALE$cFALES$hPL191$i.R52x 1884$mNon-circulating
=853  20$81$av.
=863  \\$81.1$a1

