=LDR  03088cam a2200457 i 4500
=001  004224912
=003  OCoLC
=004  004224912
=005  20161101124726.0
=008  160114s1884\\\\tu\\\\\\\\\\\\000\0\ota\d
=035  \\$a(OCoLC)40260140
=040  \\$aPUL$beng$erda$cPUL$dOCLCG$dNDD$dOCLCF$dOCLCQ
=043  \\$aa-tu---
=050  \4$aPL232$b.S832 1884
=066  \\$c(3
=100  0\$6880-01$aRusçuklu Mehmet Hayri.
=245  10$6880-02$aSüha /$cmuharriri, Rusçuklu Mehmet Hayri ; refik-i tahrir, Muallim Naci.
=264  \1$6880-03$aİstanbul :$bMahmut Bey Matbaası,$c1300 [1884 or 1885]
=300  \\$a4 volumes in 1 (64 pages) ;$c19 cm
=336  \\$atext$btxt$2rdacontent
=337  \\$aunmediated$bn$2rdamedia
=338  \\$avolume$bnc$2rdacarrier
=500  \\$6880-04$a"Siyasetten başka her şeyden bahs eder, cüz cüz çıkar risaledir"--Title page verso.
=546  \\$aOttoman Turkish;$bArabic script.
=500  \\$aSpecCol. c. 1 is bound in red leather, has watered silk endpaper and gilded edges. On front cover there are dedicatory inscriptions in Gold Ottoman Turkish and the sultanic seal (tuğra). The inscription in Ottoman Turkish reads: "el-sulṭân ibn el-sulṭân el-sulṭân al-ġâzî 'Abdülḥamîd Ḫân ḥażretlerının ṭaraf-i eşref mulûkânelerinden Vashington'da meclis-i mebʻûs̲an aʻżâʾından musyu Huvit ḥażretlerine ihdâ ettirilmiştir." On the back cover there are dedicatory inscriptions in English and French in gold and the symbol of the Ottoman state. The inscription in English reads: "Gift made by H.I.M. the Sultan Abdul-Hamid II to the honorable A.S. Hewitt[,] member of the House of Representatives in Washington[,] A.H. 1302 - 1884 A.D." The inscription in French reads: "Don fait par S.M.I le Sultan Abdul-Hamid II. a l'honorable M.A.S. Hewitt[,] membre de la Chambre des Representants a Washington[,] A.H. 1032 - 1884 A.D."$5NNU
=500  \\$aSpecCol. c. 1 was a gift of Abram Hewitt to the University of the City of New York. Accession number 7946L$5NNU
=650  \0$aTurkish literature.
=651  \0$aTurkey$xCivilization.
=650  \7$aCivilization.$2fast$0(OCoLC)fst00862898
=650  \7$aTurkish literature.$2fast$0(OCoLC)fst01159487
=651  \7$aTurkey.$2fast$0(OCoLC)fst01208963
=700  0\$aNaci,$cMuallim,$d1850-1893.
=776  08$iOnline version:$aRusçuklu Mehmet Hayri.$tSüha.$dİstanbul : Mahmut Bey Matbaası, 1300 [1884 or 1885]$w(OCoLC)657098113
=700  1\$aHewitt, Abram S.$q(Abram Stevens),$d1822-1903,$edonor.$5NNU
=700  0\$aAbdülhamid$bII,$cSultan of the Turks,$d1842-1918.$5NNU
=880  0\$6100-01/$aروسجقلى محمد خيرى.
=880  10$6245-02/$aسها /$cمحررى، روسجقلى محمد خيرى ؛ رفيق تحرير، معلم ناجى.
=880  \1$6264-03/$aاستانبول :$bمحمود بك مطبعه سى،$c1300 [1884 or 1885]
=880  \\$6500-04/$a"سياستدن بشقه هر شيدن بحث ايدر، جزؤ جزؤ جقار رساله در."
=852  0\$aNNU$bBFALE$cFALES$hPL232$i.S832 1884$mNon-circulating$t1
=994  \\$aZ0$bZYU

