=LDR  02510cam a22003495i 4500
=001  004258742
=003  OCoLC
=004  004258742
=005  20161101124744.0
=008  160301s1884\\\\tu\\\\\\\\\\\\000\0\ota\d
=035  \\$a(OCoLC)283805574
=040  \\$aB9K$beng$erda$cB9K$dOCLCQ$dOCLCO$dOCLCQ$dNNU
=050  \4$aPR2825$b.O8 1883
=100  1\$aShakespeare, William,$d1564-1616,$eauthor.
=240  10$aMerchant of Venice.$lOttoman Turkish.
=245  10$6880-01$aVenedik Taciri =$b[The merchant of Venice] /$cmuharriri W. Shakespeare; mütercimi H.Y.
=264  \1$6880-02$aİstanbul :$bMatbaa-i Ebuzziya,$c1301 [1883 or 1884]
=300  \\$a176 pages
=336  \\$atext$btxt$2rdacontent
=337  \\$aunmediated$bn$2rdamedia
=338  \\$avolume$bnc$2rdacarrier
=500  \\$aSpecCol. c. 1 is bound in red leather, has watered silk endpaper and gilded edges. On front cover there are dedicatory inscriptions in Gold Ottoman Turkish and the sultanic seal (tuğra). The inscription in Ottoman Turkish reads: "el-sulṭân ibn el-sulṭân el-sulṭân al-ġâzî 'Abdülḥamîd Ḫân ḥażretlerının ṭaraf-i eşref mulûkânelerinden Vashington'da meclis-i mebʻûs̲an aʻżâʾından musyu Huvit ḥażretlerine ihdâ ettirilmiştir." On the back cover there are dedicatory inscriptions in English and French in gold and the symbol of the Ottoman state. The inscription in English reads: "Gift made by H.I.M. the Sultan Abdul-Hamid II to the honorable A.S. Hewitt[,] member of the House of Representatives in Washington[,] A.H. 1302 - 1884 A.D." The inscription in French reads: "Don fait par S.M.I le Sultan Abdul-Hamid II. a l'honorable M.A.S. Hewitt[,] membre de la Chambre des Representants a Washington[,] A.H. 1032 - 1884 A.D."$5NNU
=500  \\$aSpecCol. c. 1 was a gift of Abram Hewitt to the University of the City of New York. Accession number 7902L$5NNU
=510  4\$aÖzege, M.S. Eski harflerle,$c22638
=700  1\$6880-03$aÖrikağasızade Hasan Sırrı,$d1861-1933,$etranslator.
=700  1\$aHewitt, Abram S.$q(Abram Stevens),$d1822-1903,$edonor.$5NNU
=700  0\$aAbdülhamid$bII,$cSultan of the Turks,$d1842-1918.$5NNU
=880  10$6245-01/$aونديك تاجرى \$cمحررى و. شكسپیر؛ مترجمى ح.ى.
=880  \1$6264-02/$aاستانبول :$bمطبعه ابو الضيا,$c1301 [1883 or 1884]
=880  1\$6700-03/$aاورك اغاسى زاده حسن سرى,$c1861-1933.
=852  0\$aNNU$bBFALE$cFALEF$hPR2825$i.O8 1883$mNon-circulating$t1
=994  \\$aZ0$bZYU

