=LDR  02450nam a2200337 i 4500
=001  004259739
=004  004259739
=005  20161101124758.0
=008  160304s1884\\\\tu\\\\\\\\\\\\000\f\ota\d
=040  \\$aNNU$beng$erda$cNNU
=043  \\$aa-tu---
=050  \4$aPQ2446$b.E5419 1884
=100  1\$aSue, Eugène,$d1804-1857,$eauthor.
=240  14$aLes Enfants de l'Amour.$lOttoman Turkish.
=245  10$6880-01$aMuḥabbet çocukları /$cmüellifi Ûjen Sû; mütercimi M. Ş.
=264  \1$6880-02$aDer-i Saʻâdet [İstanbul] :$bMaḥmut Bey Maṭbaʻası,$c1301 [1884]
=300  \\$a176 pages ;$c20 cm.
=336  \\$atext$2rdacontent
=337  \\$aunmediated$2rdamedia
=338  \\$avolume$2rdacarrier
=500  \\$aSpecCol. c. 1 is bound in red leather, has watered silk endpaper and gilded edges. On front cover there are dedicatory inscriptions in Gold Ottoman Turkish and the sultanic seal (tuğra). The inscription in Ottoman Turkish reads: "el-sulṭân ibn el-sulṭân el-sulṭân al-ġâzî 'Abdülḥamîd Ḫân ḥażretlerının ṭaraf-i eşref mulûkânelerinden Vashington'da meclis-i mebʻûs̲an aʻżâʾından musyu Huvit ḥażretlerine ihdâ ettirilmiştir." On the back cover there are dedicatory inscriptions in English and French in gold and the symbol of the Ottoman state. The inscription in English reads: "Gift made by H.I.M. the Sultan Abdul-Hamid II to the honorable A.S. Hewitt[,] member of the House of Representatives in Washington[,] A.H. 1302 - 1884 A.D." The inscription in French reads: "Don fait par S.M.I le Sultan Abdul-Hamid II. a l'honorable M.A.S. Hewitt[,] membre de la Chambre des Representants a Washington[,] A.H. 1032 - 1884 A.D."$5NNU
=500  \\$aSpecCol. c. 1 was a gift of Abram Hewitt to the University of the City of New York. Accession number 7895L.$5NNU
=510  4\$aÖzege, M.S. Eski harflerle,$c14021
=650  \0$aFrench literature$zTurkey$y19th century.
=700  1\$aHewitt, Abram S.$q(Abram Stevens),$d1822-1903,$edonor.$5NNU
=700  0\$aAbdülhamid$bII,$cSultan of the Turks,$d1842-1918.$5NNU
=700  0\$6880-03$aMahmut Şevket Paşa,$etranslator.
=880  10$6245-01/$aمحبت چوجقلرى \$cمؤلفى اوژن سو؛ مترجمى م.ش.
=880  \1$6264-02/$aدر سعادت [استانبول] :$aمحمود بك مطبعهسى,$a1301 [1884]
=880  0\$6700-03/$aمحمود شوكت پاشا.
=852  0\$aNNU$bBFALE$cFALEF$hPQ2446$i.E5419 1884$mNon-circulating$t1

