=LDR  02887cam a2200433 i 4500
=001  004225640
=003  OCoLC
=004  004225640
=005  20161101124948.0
=008  160119s1885\\\\tu\\\\\\\\\\\\000\0\otaod
=010  \\$a2015421879
=035  \\$a(OCoLC)34962508
=040  \\$aMNU$beng$erda$cMNU$dDLC$dPUL$dOCLCF$dOCLCO$dNNU
=042  \\$alccopycat
=043  \\$aa-tu---
=050  00$aKKX683$b.O44 1885
=100  0\$6880-01$aÖmer Hilmi,$d1843-1889 or 1890,$eauthor.
=245  10$6880-02$aAḥkâm ül-arâżî.
=264  \1$6880-03$a[Istanbul] :$bBosnavî Elḥâc Muḥarrem Efendinin Maṭba'ası,$c1301 [1885]
=300  \\$a83 pages :$c22 cm.
=336  \\$atext$2rdacontent
=337  \\$aunmediated$2rdamedia
=338  \\$avolume$2rdacarrier
=500  \\$aSpecCol. c. 1 is bound in red leather, has watered silk endpaper and gilded edges. On front cover there are dedicatory inscriptions in Gold Ottoman Turkish and the sultanic seal (tuğra). The inscription in Ottoman Turkish reads: "el-sulṭân ibn el-sulṭân el-sulṭân al-ġâzî 'Abdülḥamîd Ḫân ḥażretlerının ṭaraf-i eşref mulûkânelerinden Vashington'da meclis-i mebʻûs̲an aʻżâʾından musyu Huvit ḥażretlerine ihdâ ettirilmiştir." On the back cover there are dedicatory inscriptions in English and French in gold and the symbol of the Ottoman state. The inscription in English reads: "Gift made by H.I.M. the Sultan Abdul-Hamid II to the honorable A.S. Hewitt[,] member of the House of Representatives in Washington[,] A.H. 1302 - 1884 A.D." The inscription in French reads: "Don fait par S.M.I le Sultan Abdul-Hamid II. a l'honorable M.A.S. Hewitt[,] membre de la Chambre des Representants a Washington[,] A.H. 1032 - 1884 A.D."$5NNU
=500  \\$aSpecCol. c. 1 was a gift of Abram Hewitt to the University of the City of New York. Accession number 7999L$5NNU
=500  \\$aLC copy lacks imprint and colophon; supplied from digital copy in HathiTrust.
=650  \0$aLand use$xLaw and legislation$zTurkey.
=650  \0$aLand tenure$xLaw and legislation$zTurkey.
=650  \7$aLand tenure$xLaw and legislation.$2fast$0(OCoLC)fst00991383
=650  \7$aLand use$xLaw and legislation.$2fast$0(OCoLC)fst00991514
=651  \7$aTurkey.$2fast$0(OCoLC)fst01208963
=776  08$iOnline version:$aÖmer Hilmi, 1843-1889 or 90.$tAhkâm ül-arazi.$d[Istanbul] : Bosnavi Elhac Muharrem Efendinin Matbaası, 1301 [1885]$w(OCoLC)657440692
=700  1\$aHewitt, Abram S.$q(Abram Stevens),$d1822-1903,$edonor.$5NNU
=700  0\$aAbdülhamid$bII,$cSultan of the Turks,$d1842-1918.$5NNU
=880  0\$6100-01/$aعمر حلمى.
=880  10$6245-02/$aأحكام الأراضى.
=880  \1$6264-03/$a[استانبول :[$bبوسنوى الحاج محرم افندينك مطبعهسى,$c1301 [1885]
=852  0\$aNNU$bBFALE$cFALES$hKKX683$i.O44 1885$mNon-circulating$t1
=994  \\$aZ0$bZYU

