=LDR  02908cam a2200493 i 4500
=001  004226985
=003  OCoLC
=005  20160121135430.0
=007  ta
=008  160121s1892\\\\tu\\\\\\\\\\\\000\0\otao\
=010  \\$a2014371951
=035  \\$a(OCoLC)886674015
=040  \\$aDLC$beng$erda$cDLC$dOCLCO$dOCLCF$dNNU
=042  \\$apcc
=050  \4$aBP166.4$b.A44 1892
=100  0\$6880-01$aAhmet Cevdet Paşa,$d1822-1895,$eauthor.
=245  10$6880-02$aḲıṣaṣ-ı enbiyâ ʻaleyhisselâm ve tevârih̲-i h̲ulefâ /$ch̲âme-yi Aḥmed Cevdet.
=264  \1$6880-03$a[Istanbul] :$bMaṭbaʻa-yi Os̲mâniye,$c1308 [1892]
=300  \\$aVolumes :$c18 cm
=336  \\$atext$btxt$2rdacontent
=337  \\$aunmediated$bn$2rdamedia
=338  \\$avolume$bnc$2rdacarrier
=500  \\$aSpecCol. c. 1 is bound in red leather, has watered silk endpaper and gilded edges. On front cover there are dedicatory inscriptions in Gold Ottoman Turkish and the sultanic seal (tuğra). The inscription in Ottoman Turkish reads: "el-sulṭân ibn el-sulṭân el-sulṭân al-ġazi 'Abdülḥamîd H̲ân ḥażretlerının ṭaraf-i eşref mulûkânelerinden Vashington'da meclis-i mebʻûs̲an aʻżâʾından musyu Huvit ḥażretlerine ihdâ ettirilmiştir." On the back cover there are dedicatory inscriptions in English and French in gold and the symbol of the Ottoman state. The inscription in English reads: "Gift made by H.I.M. the Sultan Abdul-Hamid II to the honorable A.S. Hewitt[,] member of the House of Representatives in Washington[,] A.H. 1302 - 1884 A.D." The inscription in French reads: "Don fait par S.M.I le Sultan Abdul-Hamid II. a l'honorable M.A.S. Hewitt[,] membre de la Chambre des Representants a Washington[,] A.H. 1032 - 1884 A.D."$5NNU
=500  \\$aSpecCol. c. 1 was a gift of Abram Hewitt to the University of the City of New York. Accession number 7959L$5NNU
=510  4\$aÖzege, M.S. Eski harflerle,$c10724
=650  \0$aCaliphs.
=650  \0$aProphets.
=650  \0$aMuslims$vBiography.
=650  \7$aCaliphs.$2fast$0(OCoLC)fst00844318
=650  \7$aMuslims.$2fast$0(OCoLC)fst01031029
=650  \7$aProphets.$2fast$0(OCoLC)fst01079211
=655  \7$aBiography.$2fast$0(OCoLC)fst01423686
=700  0\$aAhmet Cevdet Paşa,$d1822-1895.
=740  0\$aKısas-ı enbiya ve tevarih-i hulefa: cüz-i râbi (1303)
=740  0\$aKısas-ı enbiya ve tevarih-i hulefa (1306)
=700  1\$aHewitt, Abram S.$q(Abram Stevens),$d1822-1903,$edonor.$5NNU
=700  0\$aAbdülhamid$bII,$cSultan of the Turks,$d1842-1918.$5NNU
=880  0\$6100-01/$aاحمد جودت پاشا.
=880  10$6245-02/$aقصص انبيا وتواريخ خلفا \$cخامهٔ احمد جودت.
=880  \1$6264-03/$a]استانبول :]$bمطبعهٔ عثمانيه,$an.d.
=852  0\$aNNU$bBFALE$cFALES$hBP166.4$i.A44 1892$mNon-circulating
=853  20$81$av.
=863  \\$81.1$a1
=994  \\$aZ0$bZYU

