=LDR  02844cam a2200421 i 4500
=001  004234196
=003  OCoLC
=004  004234196
=005  20160210141811.0
=008  160210s1893\\\\tu\\\\\\\\\\\\000\0\otaod
=010  \\$a2015421278
=035  \\$a(OCoLC)32672179
=040  \\$aPUL$beng$cPUL$dDLC$dOCLCF$dOCLCO$dNNU
=042  \\$alccopycat
=050  04$aBP189.7.Q32$bS845 1883
=100  0\$6880-01$aSüleyman Hasbî,$d-1909,$eauthor.
=245  10$6880-02$aKitab-i mirkat-i meratib-i ilm-i ledünı̂ fi menakıb-i Abdulkadir-i Geylani.
=246  30$aMirkat-i meratib-i ilm-i ledünı̂ fi menakıb-i Abdulkadir-i Geylani
=264  \1$6880-03$aDarülhilâfe [Istanbul] :$bMatbaa-yi Mahsuse-yi Osmaniye,$c1300 [1883]
=300  \\$a312 p. ;$c20 cm.
=336  \\$atext$btxt$2rdacontent
=337  \\$aunmediated$bn$2rdamedia
=338  \\$avolume$bnc$2rdacarrier
=500  \\$aSpecCol. c. 1 is bound in red leather, has watered silk endpaper and gilded edges. On front cover there are dedicatory inscriptions in Gold Ottoman Turkish and the sultanic seal (tuğra). The inscription in Ottoman Turkish reads: "el-sulṭân ibn el-sulṭân el-sulṭân al-ġâzî 'Abdülḥamîd H̲ân ḥażretlerının ṭaraf-i eşref mulûkânelerinden Vashington'da meclis-i mebʻûs̲an aʻżâʾından musyu Huvit ḥażretlerine ihdâ ettirilmiştir." On the back cover there are dedicatory inscriptions in English and French in gold and the symbol of the Ottoman state. The inscription in English reads: "Gift made by H.I.M. the Sultan Abdul-Hamid II to the honorable A.S. Hewitt[,] member of the House of Representatives in Washington[,] A.H. 1302 - 1884 A.D." The inscription in French reads: "Don fait par S.M.I le Sultan Abdul-Hamid II. a l'honorable M.A.S. Hewitt[,] membre de la Chambre des Representants a Washington[,] A.H. 1032 - 1884 A.D."$5NNU
=500  \\$aSpecCol. c. 1 was a gift of Abram Hewitt to the Library of the University of the City of New York. Accession number 7923L$5NNU
=546  \\$aTurkish$bin Arabic script.
=510  4\$aÖzege, M.S. Eski harflerle,$c10953
=600  00$aʻAbd al-Qādir al-Jīlānī,$d-1166.
=650  \0$aIslamic sermons.
=600  07$aʻAbd al-Qādir al-Jīlānī,$d-1166.$2fast$0(OCoLC)fst01803094
=650  \7$aIslamic sermons.$2fast$0(OCoLC)fst00980058
=700  1\$aHewitt, Abram S.$q(Abram Stevens),$d1822-1903,$edonor.$5NNU
=700  0\$aAbdülhamid$bII,$cSultan of the Turks,$d1842-1918.$5NNU
=880  0\$6100-01/$aسليمان حسبى.
=880  10$6245-02/$aكتاب مرقات مراتب علم لدنى فى مناقب عبد القادر الكيلانى.
=880  \1$6264-03/$aدار الخلافه [استانبول] :$bمطبعهٔ مخصوصهٔ عثمانيه,$c1300 [1883]
=852  0\$aNNU$bBFALE$cFALES$hBP189.7.Q32$iS845 1883$mNon-circulating$t1
=994  \\$aZ0$bZYU

